2910 4642
705 257 919 322 „22-

258 437 340 505 sunt,
364 450 438 493 nam
466 428 621 514 “plerique
642 434 762 493 ourues“
786 450 869 514 quae
892 429 991 493 verba
1012 452 1071 514 pro
1093 451 1158 492 una
1174 431 1267 515 quasi
1281 440 1372 514 parte
1425 494 1429 505 ,

257 531 415 596 orationis
440 530 592 596 habenda
613 554 684 595 esse
707 531 847 596 affirmat
868 531 1017 596 Donatus
1025 531 1073 617 78),
1095 531 1280 596 sollemnem
1302 555 1372 598 esse

257 635 342 722 apud
374 637 514 700 comicos
545 643 659 721 poetas
682 633 924 699 collocationem
948 635 1026 699 satis
1051 636 1288 700 demonstratur
1310 635 1371 702 illis

261 760 343 824 quae
375 738 514 802 afferunt
546 737 684 803 editores
707 737 862 823 exemplis
871 739 918 819 79).
958 738 1022 802 Sed
1047 737 1106 803 sub
1128 738 1224 802 finem
1245 761 1372 825 quoque

262 863 376 906 versus
396 842 587 926 pronomina
601 841 743 920 „nostri
758 841 926 907 nosmet“
940 841 1012 905 ideo
1029 842 1168 906 maxime
1183 843 1373 908 invertenda

258 967 391 1026 censeo,
421 945 506 1030 quod
537 947 756 1023 accusativus,
783 946 838 1031 qui
864 944 915 1008 vel
943 966 1001 1030 per
1023 968 1057 1009 se
1078 947 1242 1029 praemitti
1263 944 1370 1024 soleat,

259 1047 320 1113 hoc
349 1049 420 1112 loco
450 1047 491 1113 ob
521 1046 665 1111 additam
694 1047 852 1135 syllabam
884 1053 978 1128 „ruer‘
1008 1070 1079 1112 meo
1102 1048 1231 1134 quidem
1253 1049 1370 1113 iudicio

256 1150 453 1238 praecedere
483 1149 579 1215 debet
611 1172 714 1236 neque
740 1151 896 1215 audacius
918 1150 1060 1230 „nostri
1082 1152 1249 1218 nosmet“
1269 1162 1371 1219 trans·

256 1263 417 1341 ponentur
442 1275 538 1339 quam
555 1252 619 1332 illa,
641 1275 724 1340 quae
740 1254 885 1320 Bentleio
906 1275 1015 1317 omnes
1033 1254 1207 1320 concedere
1221 1256 1371 1322 vidimus.

255 1358 366 1444 Neque
395 1357 490 1442 plane
522 1357 757 1422 contemnenda
785 1368 833 1422 est
855 1357 1162 1439 Pseudoaoronis⁸⁰)
1186 1360 1373 1441 auctoritas,

260 1482 354 1546 quem
373 1462 502 1547 saepius
518 1482 590 1524 cum
606 1460 764 1526 Bembino
780 1462 960 1526 consentire
975 1460 1198 1547 comprobavit
1212 1461 1370 1548 Umpl81).

258 1563 467 1629 Phormionis
489 1564 586 1647 igitur
608 1585 736 1628 versum
759 1566 806 1628 sic
826 1586 981 1650 reponere
1000 1563 1119 1650 placet:

343 1669 395 1732 Itu
405 1666 546 1753 plerique
560 1691 663 1731 omues
677 1672 785 1732 sumus
799 1669 933 1754 inperia,
949 1666 1090 1734 ndsmet
1102 1668 1217 1734 nostri
1227 1671 1372 1753 padutlet.

343 1770 376 1855 3)
400 1769 477 1834 Hec.
500 1769 561 1834 577
588 1791 632 1856 sq.
656 1770 726 1855 (IV,
750 1772 779 1844 2,
806 1775 820 1834 l
848 1772 920 1856 sq.):

342 1875 418 1938 Noa
447 1875 526 1938 cldm
555 1898 602 1938 me
632 1884 693 1956 ast,
717 1888 809 1959 quate
839 1880 895 1952 ml,
924 1873 992 1940 tibi
1020 1891 1077 1940 mo
1107 1899 1171 1940 aene
1197 1879 1374 1959 alopeciam

469 1980 597 2040 acumem
618 1989 702 2040 tuam

342 2079 477 2164 Propter
500 2103 581 2143 meos
602 2103 701 2144 mores
721 2080 793 2145 ltine
816 2083 924 2146 ababuc.

345 2182 441 2248 Hanc
469 2181 655 2262 lectionem,
681 2181 785 2269 qualis
813 2191 845 2248 ct
872 2184 906 2247 in
929 2183 1019 2247 codd.
1043 2192 1073 2244 et
1096 2181 1183 2268 apud
1206 2183 1372 2246 Donatum

259 2286 413 2366 traditur,
440 2285 583 2373 plerique
615 2285 685 2350 edd.
708 2286 848 2371 amplexi
871 2298 945 2351 sunt
967 2309 1070 2372 neque
1093 2289 1198 2350 minus
1222 2309 1241 2348 a
1264 2293 1374 2349 nostra

260 2398 351 2474 parte
394 2389 633 2454 concedendum
671 2391 730 2454 erit
763 2391 949 2455 Terentium
983 2393 1010 2454 si
1042 2392 1170 2455 omnino
1205 2399 1373 2473 utrumque

259 2514 436 2578 pronomen
451 2492 512 2557 hoc
528 2493 601 2558 loco
618 2495 828 2579 usurpaverit,
844 2503 974 2580 propter
989 2493 1133 2557 additum
1149 2491 1375 2575 vocativumssr)

262 2609 368 2682 „quate
396 2595 457 2658 md‘
489 2597 632 2659 dativum
656 2598 754 2677 ‚rior
776 2597 961 2661 accusativo
984 2602 1063 2674 „me“
1086 2597 1287 2683 praemittere
1310 2616 1374 2658 non

262 2707 327 2763 tam
350 2699 492 2783 potuisse
516 2720 612 2784 qnam
634 2697 793 2764 debuisse.
836 2697 943 2763 Nihilo
967 2700 1065 2761 setius
1080 2699 1145 2761 iam
1160 2698 1272 2778 Bentl,
1287 2705 1373 2784 post·

262 2825 359 2888 quam
389 2823 443 2879 ea,
471 2823 553 2887 quae
576 2801 609 2865 in
631 2802 660 2864 ll.
685 2811 827 2880 exstant,
854 2801 973 2885 optime
996 2801 1071 2864 ferri
1094 2823 1189 2886 posse
1211 2800 1375 2886 professus

262 2927 365 2991 neque
396 2903 570 2989 quidquam
599 2912 723 2968 mutare
753 2906 822 2989 ipse
852 2926 949 2968 ausus
973 2915 1036 2984 est,
1058 2903 1173 2969 collato
1197 2903 1258 2968 hoo
1280 2925 1375 2968 versu

263 3031 334 3072 cum
366 3007 476 3092 ali0⁸³)
507 3006 650 3071 eiusdem
673 3006 802 3071 fabulae
833 3008 879 3071 sic
910 3008 1015 3091 pergit
1044 3009 1125 3087 „Sed
1151 3009 1292 3092 aperiam
1321 3030 1374 3069 su-

261 3112 429 3197 spicionem
450 3134 548 3174 meam
566 3110 719 3194 fortensis
741 3111 780 3174 ab
802 3123 925 3175 curtem
946 3111 992 3175 sic
1009 3113 1148 3196 primum
1170 3113 1300 3176 ammae:

333 3281 379 3351 78)
395 3280 425 3334 in
441 3281 508 3335 nota
526 3281 561 3334 ad
578 3281 660 3336 Andr.
680 3280 701 3348 I,
721 3281 743 3346 1,
764 3280 797 3334 28
816 3281 880 3351 (55).

334 3369 377 3436 79)
388 3366 477 3422 ‘Andr
502 3368 548 3436 553
567 3367 606 3421 Pl.
625 3367 698 3421 Trin.
718 3369 752 3424 29
770 3369 794 3422 R
812 3371 888 3440 (eum
907 3367 1084 3423 adnotatione
1103 3365 1209 3434 Brixii);
1229 3366 1377 3436 „pleraque

264 3457 373 3510 omaia“
392 3455 474 3509 Haut.
493 3453 552 3510 830.

335 3543 381 3613 80)
401 3542 436 3596 ad
455 3542 518 3595 Hor.
538 3541 622 3595 Serm.
652 3542 671 3607 1,
700 3544 722 3607 1,
749 3543 782 3596 13
799 3542 867 3598 haec
884 3540 1008 3597 Terentii
1023 3541 1109 3596 verba
1126 3540 1223 3594 laudat
1241 3541 1378 3609 „nosmet

265 3629 365 3686 nonni
378 3629 524 3699 paonitet“.

335 3717 378 3786 81)
397 3716 427 3770 in
444 3715 561 3785 praefat.
580 3733 606 3785 p.
626 3715 711 3769 LXVI
729 3734 769 3784 sq.

335 3803 381 3874 82)
398 3803 431 3857 cl.
449 3818 520 3872 quae
539 3819 622 3872 supra
640 3810 677 3872 (p.
696 3804 713 3857 6
730 3806 781 3871 sq.)
796 3801 913 3857 diximus
931 3802 964 3856 de
985 3801 1067 3857 Andr.
1087 3801 1138 3856 618
1155 3801 1302 3867 etPhorm.
1316 3801 1376 3856 532.

337 3890 381 3960 83)
400 3890 465 3946 Hoc.
483 3889 535 3944 898
551 3905 592 3957 sq.
610 3888 670 3957 (III,
689 3890 715 3959 3,
733 3890 767 3943 38
784 3893 846 3958 sq.):

475 3975 532 4029 acio
548 3975 677 4029 namium
694 3975 777 4029 dliter
792 3975 941 4044 mortim
956 3973 1016 4040 fore

222 4114 225 4118 .
271 4064 351 4131 Quiri,
369 4066 443 4134 qnod
459 4063 516 4117 veri
532 4063 651 4126 similest,
673 4079 705 4115 eu
723 4069 748 4116 tc
768 4063 837 4117 rlcte
854 4079 915 4116 eum
931 4063 1024 4116 uatdm
1038 4070 1146 4132 putant.
