<?xml version="1.0" encoding="UTF-8"?>
<!DOCTYPE html PUBLIC "-//W3C//DTD XHTML 1.0 Transitional//EN"
    "http://www.w3.org/TR/xhtml1/DTD/xhtml1-transitional.dtd">
<html xmlns="http://www.w3.org/1999/xhtml" xml:lang="en" lang="en">
 <head>
  <title>
</title>
<meta http-equiv="Content-Type" content="text/html;charset=utf-8" />
  <meta name='ocr-system' content='tesseract 3.04.00' />
  <meta name='ocr-capabilities' content='ocr_page ocr_carea ocr_par ocr_line ocrx_word'/>
</head>
<body>
  <div class='ocr_page' id='page_1' title='image "./depronominumapu00reingoog/depronominumapu00reingoog_0018.png"; bbox 0 0 2910 4642; ppageno 0'>
   <div class='ocr_carea' id='block_1_1' title="bbox 611 315 827 376">
    <p class='ocr_par' dir='ltr' id='par_1_1' title="bbox 611 315 827 376">
     <span class='ocr_line' id='line_1_1' title="bbox 611 315 827 376; baseline 0.005 -18"><span class='ocrx_word' id='word_1_1' title='bbox 611 315 827 376; x_wconf 70' lang='lat'>..11-</span> 
     </span>
    </p>
   </div>
   <div class='ocr_carea' id='block_1_2' title="bbox 160 471 1276 1600">
    <p class='ocr_par' dir='ltr' id='par_1_2' title="bbox 245 471 1276 568">
     <span class='ocr_line' id='line_1_2' title="bbox 245 471 1276 568; baseline -0.002 -19"><span class='ocrx_word' id='word_1_2' title='bbox 245 471 414 549; x_wconf 68' lang='lat' dir='ltr'>Retraham</span> <span class='ocrx_word' id='word_1_3' title='bbox 450 483 547 548; x_wconf 72' lang='lat' dir='ltr'>locu</span> <span class='ocrx_word' id='word_1_4' title='bbox 584 486 694 568; x_wconf 78' lang='lat' dir='ltr'>opsitor</span> <span class='ocrx_word' id='word_1_5' title='bbox 730 483 775 547; x_wconf 80' lang='lat' dir='ltr'>dd</span> <span class='ocrx_word' id='word_1_6' title='bbox 809 505 855 547; x_wconf 81' lang='lat' dir='ltr'>me</span> <span class='ocrx_word' id='word_1_7' title='bbox 890 482 971 546; x_wconf 82' lang='lat' dir='ltr'>idem</span> <span class='ocrx_word' id='word_1_8' title='bbox 1000 482 1081 547; x_wconf 72' lang='lat' dir='ltr'>allud</span> <span class='ocrx_word' id='word_1_9' title='bbox 1105 483 1276 568; x_wconf 77' lang='lat' dir='ltr'>fdpe&#39;tloum</span> 
     </span>
    </p>

    <p class='ocr_par' dir='ltr' id='par_1_3' title="bbox 368 587 706 672">
     <span class='ocr_line' id='line_1_3' title="bbox 368 587 706 672; baseline -0.006 -20"><span class='ocrx_word' id='word_1_10' title='bbox 368 592 528 672; x_wconf 71' lang='lat' dir='ltr'>arpeutrlm</span> <span class='ocrx_word' id='word_1_11' title='bbox 550 587 706 670; x_wconf 76' lang='lat' dir='ltr'>umen.⁸⁶)</span> 
     </span>
    </p>

    <p class='ocr_par' dir='ltr' id='par_1_4' title="bbox 160 687 1276 1084">
     <span class='ocr_line' id='line_1_4' title="bbox 245 687 1276 777; baseline -0.004 -21"><span class='ocrx_word' id='word_1_12' title='bbox 245 691 353 777; x_wconf 82' lang='lat' dir='ltr'>Atque</span> <span class='ocrx_word' id='word_1_13' title='bbox 374 689 425 754; x_wconf 88' lang='lat' dir='ltr'>his</span> <span class='ocrx_word' id='word_1_14' title='bbox 439 689 517 754; x_wconf 85' lang='lat' dir='ltr'>viris</span> <span class='ocrx_word' id='word_1_15' title='bbox 534 689 635 754; x_wconf 82' lang='lat' dir='ltr'>doctis</span> <span class='ocrx_word' id='word_1_16' title='bbox 651 697 687 752; x_wconf 89' lang='lat' dir='ltr'>ut</span> <span class='ocrx_word' id='word_1_17' title='bbox 702 687 871 769; x_wconf 86' lang='lat' dir='ltr'>assentiar,</span> <span class='ocrx_word' id='word_1_18' title='bbox 887 710 924 753; x_wconf 91' lang='lat' dir='ltr'>eo</span> <span class='ocrx_word' id='word_1_19' title='bbox 940 697 1108 774; x_wconf 86' lang='lat' dir='ltr'>praeterea</span> <span class='ocrx_word' id='word_1_20' title='bbox 1122 688 1276 771; x_wconf 79' lang='lat' dir='ltr'>adducor,</span> 
     </span>
     <span class='ocr_line' id='line_1_5' title="bbox 161 790 1275 881; baseline -0.003 -22"><span class='ocrx_word' id='word_1_21' title='bbox 161 795 246 881; x_wconf 92' lang='lat' dir='ltr'>quod</span> <span class='ocrx_word' id='word_1_22' title='bbox 276 814 452 881; x_wconf 86' lang='lat' dir='ltr'>pronomen</span> <span class='ocrx_word' id='word_1_23' title='bbox 474 792 598 872; x_wconf 84' lang='lat' dir='ltr'>„idem“‚</span> <span class='ocrx_word' id='word_1_24' title='bbox 628 791 655 856; x_wconf 93' lang='lat' dir='ltr'>si</span> <span class='ocrx_word' id='word_1_25' title='bbox 682 791 886 875; x_wconf 83' lang='lat' dir='ltr'>coniungitur</span> <span class='ocrx_word' id='word_1_26' title='bbox 907 813 979 855; x_wconf 91' lang='lat' dir='ltr'>oum</span> <span class='ocrx_word' id='word_1_27' title='bbox 1002 790 1066 856; x_wconf 89' lang='lat' dir='ltr'>alio</span> <span class='ocrx_word' id='word_1_28' title='bbox 1088 793 1275 879; x_wconf 82' lang='lat' dir='ltr'>pronomine</span> 
     </span>
     <span class='ocr_line' id='line_1_6' title="bbox 160 893 1275 983; baseline -0.003 -22"><span class='ocrx_word' id='word_1_29' title='bbox 160 896 427 977; x_wconf 86' lang='lat' dir='ltr'>demonstrativo,</span> <span class='ocrx_word' id='word_1_30' title='bbox 456 895 530 959; x_wconf 85' lang='lat' dir='ltr'>huie</span> <span class='ocrx_word' id='word_1_31' title='bbox 560 893 648 960; x_wconf 88' lang='lat' dir='ltr'>nulla</span> <span class='ocrx_word' id='word_1_32' title='bbox 678 893 742 960; x_wconf 89' lang='lat' dir='ltr'>alia</span> <span class='ocrx_word' id='word_1_33' title='bbox 762 893 877 960; x_wconf 86' lang='lat' dir='ltr'>voeula</span> <span class='ocrx_word' id='word_1_34' title='bbox 900 895 1092 982; x_wconf 88' lang='lat' dir='ltr'>interposita</span> <span class='ocrx_word' id='word_1_35' title='bbox 1112 895 1275 983; x_wconf 80' lang='lat' dir='ltr'>praemitti</span> 
     </span>
     <span class='ocr_line' id='line_1_7' title="bbox 161 999 299 1084; baseline -0.014 -19"><span class='ocrx_word' id='word_1_36' title='bbox 161 999 251 1065; x_wconf 89' lang='lat' dir='ltr'>solet.</span> <span class='ocrx_word' id='word_1_37' title='bbox 260 1000 299 1084; x_wconf 64' lang='lat'>³7)</span> 
     </span>
    </p>

    <p class='ocr_par' dir='ltr' id='par_1_5' title="bbox 247 1099 656 1186">
     <span class='ocr_line' id='line_1_8' title="bbox 247 1099 656 1186; baseline -0.002 -21"><span class='ocrx_word' id='word_1_38' title='bbox 247 1101 349 1171; x_wconf 87' lang='lat' dir='ltr'><strong>Andr.</strong></span> <span class='ocrx_word' id='word_1_39' title='bbox 371 1101 434 1166; x_wconf 79' lang='lat'>978</span> <span class='ocrx_word' id='word_1_40' title='bbox 456 1100 510 1186; x_wconf 85' lang='lat' dir='ltr'>(V,</span> <span class='ocrx_word' id='word_1_41' title='bbox 534 1100 563 1180; x_wconf 87' lang='lat'>6,</span> <span class='ocrx_word' id='word_1_42' title='bbox 586 1099 656 1185; x_wconf 84' lang='lat'>14):</span> 
     </span>
    </p>

    <p class='ocr_par' dir='ltr' id='par_1_6' title="bbox 248 1203 1275 1290">
     <span class='ocr_line' id='line_1_9' title="bbox 248 1203 1275 1290; baseline -0.003 -19"><span class='ocrx_word' id='word_1_43' title='bbox 248 1205 379 1290; x_wconf 67' lang='lat' dir='ltr'>Elquere</span> <span class='ocrx_word' id='word_1_44' title='bbox 400 1205 459 1269; x_wconf 80' lang='lat' dir='ltr'>loo</span> <span class='ocrx_word' id='word_1_45' title='bbox 480 1219 537 1269; x_wconf 80' lang='lat' dir='ltr'>me</span> <span class='ocrx_word' id='word_1_46' title='bbox 559 1206 645 1272; x_wconf 61' lang='lat' dir='ltr'>inum</span> <span class='ocrx_word' id='word_1_47' title='bbox 666 1203 711 1268; x_wconf 80' lang='lat' dir='ltr'>dd</span> <span class='ocrx_word' id='word_1_48' title='bbox 728 1203 905 1289; x_wconf 74' lang='lat' dir='ltr'><strong><em>Glycerium</em></strong></span> <span class='ocrx_word' id='word_1_49' title='bbox 927 1209 1012 1268; x_wconf 74' lang='lat' dir='ltr'>utine</span> <span class='ocrx_word' id='word_1_50' title='bbox 1033 1203 1085 1269; x_wconf 81' lang='lat' dir='ltr'>tu.</span> <span class='ocrx_word' id='word_1_51' title='bbox 1122 1217 1163 1284; x_wconf 82' lang='lat' dir='ltr'>tu,</span> <span class='ocrx_word' id='word_1_52' title='bbox 1180 1205 1275 1285; x_wconf 82' lang='lat' dir='ltr'>Dave,</span> 
     </span>
    </p>

    <p class='ocr_par' dir='ltr' id='par_1_7' title="bbox 369 1308 576 1373">
     <span class='ocr_line' id='line_1_10' title="bbox 369 1308 576 1373; baseline -0.005 0"><span class='ocrx_word' id='word_1_53' title='bbox 369 1308 424 1373; x_wconf 72' lang='lat' dir='ltr'>ubi</span> <span class='ocrx_word' id='word_1_54' title='bbox 445 1309 576 1372; x_wconf 84' lang='lat' dir='ltr'>domum.</span> 
     </span>
    </p>

    <p class='ocr_par' dir='ltr' id='par_1_8' title="bbox 160 1407 1275 1600">
     <span class='ocr_line' id='line_1_11' title="bbox 248 1407 1275 1496; baseline -0.005 -19"><span class='ocrx_word' id='word_1_55' title='bbox 248 1411 302 1477; x_wconf 85' lang='lat' dir='ltr'>Sic</span> <span class='ocrx_word' id='word_1_56' title='bbox 324 1410 403 1496; x_wconf 86' lang='lat' dir='ltr'>legit</span> <span class='ocrx_word' id='word_1_57' title='bbox 416 1409 574 1476; x_wconf 81' lang='lat' dir='ltr'>Fleckeis.</span> <span class='ocrx_word' id='word_1_58' title='bbox 595 1409 705 1474; x_wconf 89' lang='lat' dir='ltr'>addito</span> <span class='ocrx_word' id='word_1_59' title='bbox 722 1407 821 1474; x_wconf 87' lang='lat' dir='ltr'>altero</span> <span class='ocrx_word' id='word_1_60' title='bbox 836 1410 1033 1474; x_wconf 88' lang='lat' dir='ltr'>nominativo</span> <span class='ocrx_word' id='word_1_61' title='bbox 1048 1416 1115 1491; x_wconf 58' lang='lat' dir='ltr'>„ud</span> <span class='ocrx_word' id='word_1_62' title='bbox 1130 1409 1275 1496; x_wconf 88' lang='lat' dir='ltr'>proxime</span> 
     </span>
     <span class='ocr_line' id='line_1_12' title="bbox 160 1512 1275 1600; baseline -0.002 -21"><span class='ocrx_word' id='word_1_63' title='bbox 160 1515 319 1580; x_wconf 83' lang='lat' dir='ltr'>accedens</span> <span class='ocrx_word' id='word_1_64' title='bbox 342 1513 385 1580; x_wconf 88' lang='lat' dir='ltr'>ad</span> <span class='ocrx_word' id='word_1_65' title='bbox 406 1535 455 1597; x_wconf 87' lang='lat' dir='ltr'>ea,</span> <span class='ocrx_word' id='word_1_66' title='bbox 478 1535 560 1600; x_wconf 87' lang='lat' dir='ltr'>quae</span> <span class='ocrx_word' id='word_1_67' title='bbox 583 1514 616 1577; x_wconf 93' lang='lat' dir='ltr'>in</span> <span class='ocrx_word' id='word_1_68' title='bbox 631 1513 787 1578; x_wconf 92' lang='lat' dir='ltr'>Bembino</span> <span class='ocrx_word' id='word_1_69' title='bbox 811 1512 956 1597; x_wconf 85' lang='lat' dir='ltr'>aprima</span> <span class='ocrx_word' id='word_1_70' title='bbox 979 1534 1078 1577; x_wconf 86' lang='lat' dir='ltr'>manu</span> <span class='ocrx_word' id='word_1_71' title='bbox 1091 1512 1275 1577; x_wconf 85' lang='lat' dir='ltr'>traduntur:</span> 
     </span>
    </p>
   </div>
   <div class='ocr_carea' id='block_1_3' title="bbox 245 1615 864 1683">
    <p class='ocr_par' dir='ltr' id='par_1_9' title="bbox 245 1615 864 1683">
     <span class='ocr_line' id='line_1_13' title="bbox 245 1615 864 1683; baseline -0.003 -2"><span class='ocrx_word' id='word_1_72' title='bbox 245 1615 864 1683; x_wconf 80' lang='lat' dir='ltr'><strong>AGLYOERIUMNUNOTUDAUE.</strong></span> 
     </span>
    </p>
   </div>
   <div class='ocr_carea' id='block_1_4' title="bbox 64 1717 1275 3456">
    <p class='ocr_par' dir='ltr' id='par_1_10' title="bbox 64 1717 1275 1912">
     <span class='ocr_line' id='line_1_14' title="bbox 64 1717 1275 1805; baseline -0.003 -19"><span class='ocrx_word' id='word_1_73' title='bbox 64 1782 66 1786; x_wconf 87' lang='lat'>.</span> <span class='ocrx_word' id='word_1_74' title='bbox 246 1720 346 1786; x_wconf 86' lang='lat' dir='ltr'>Haud</span> <span class='ocrx_word' id='word_1_75' title='bbox 385 1721 432 1785; x_wconf 85' lang='lat' dir='ltr'>ita</span> <span class='ocrx_word' id='word_1_76' title='bbox 455 1720 583 1785; x_wconf 89' lang='lat' dir='ltr'>diversa</span> <span class='ocrx_word' id='word_1_77' title='bbox 606 1727 680 1784; x_wconf 90' lang='lat' dir='ltr'>sunt</span> <span class='ocrx_word' id='word_1_78' title='bbox 703 1741 785 1805; x_wconf 88' lang='lat' dir='ltr'>quae</span> <span class='ocrx_word' id='word_1_79' title='bbox 808 1717 982 1783; x_wconf 86' lang='lat' dir='ltr'>seeundum</span> <span class='ocrx_word' id='word_1_80' title='bbox 1005 1718 1069 1784; x_wconf 87' lang='lat' dir='ltr'>rell.</span> <span class='ocrx_word' id='word_1_81' title='bbox 1093 1719 1122 1786; x_wconf 92' lang='lat' dir='ltr'>ll.</span> <span class='ocrx_word' id='word_1_82' title='bbox 1146 1725 1275 1783; x_wconf 90' lang='lat' dir='ltr'>exstant</span> 
     </span>
     <span class='ocr_line' id='line_1_15' title="bbox 160 1823 394 1912; baseline -0.013 -23"><span class='ocrx_word' id='word_1_83' title='bbox 160 1825 245 1911; x_wconf 84' lang='lat' dir='ltr'><strong>aqud</strong></span> <span class='ocrx_word' id='word_1_84' title='bbox 267 1823 394 1912; x_wconf 81' lang='lat' dir='ltr'>Umpf.:</span> 
     </span>
    </p>

    <p class='ocr_par' dir='ltr' id='par_1_11' title="bbox 245 1924 1273 2012">
     <span class='ocr_line' id='line_1_16' title="bbox 245 1924 1273 2012; baseline -0.005 -19"><span class='ocrx_word' id='word_1_85' title='bbox 245 1929 377 2012; x_wconf 64' lang='lat' dir='ltr'>Sequere</span> <span class='ocrx_word' id='word_1_86' title='bbox 407 1926 466 1991; x_wconf 83' lang='lat' dir='ltr'>lrae</span> <span class='ocrx_word' id='word_1_87' title='bbox 495 1950 541 1990; x_wconf 85' lang='lat' dir='ltr'>me</span> <span class='ocrx_word' id='word_1_88' title='bbox 568 1928 668 1990; x_wconf 64' lang='lat' dir='ltr'>enum:</span> <span class='ocrx_word' id='word_1_89' title='bbox 695 1925 785 2009; x_wconf 72' lang='lat' dir='ltr'>opud</span> <span class='ocrx_word' id='word_1_90' title='bbox 809 1924 987 2009; x_wconf 74' lang='lat' dir='ltr'><strong><em>Glycerium</em></strong></span> <span class='ocrx_word' id='word_1_91' title='bbox 1018 1933 1100 1990; x_wconf 77' lang='lat' dir='ltr'>noluo</span> <span class='ocrx_word' id='word_1_92' title='bbox 1130 1938 1185 1990; x_wconf 78' lang='lat' dir='ltr'>ent.</span> <span class='ocrx_word' id='word_1_93' title='bbox 1230 1938 1273 2006; x_wconf 85' lang='lat' dir='ltr'>tu,</span> 
     </span>
    </p>

    <p class='ocr_par' dir='ltr' id='par_1_12' title="bbox 367 2028 694 2111">
     <span class='ocr_line' id='line_1_17' title="bbox 367 2028 694 2111; baseline -0.006 -17"><span class='ocrx_word' id='word_1_94' title='bbox 367 2031 464 2111; x_wconf 85' lang='lat' dir='ltr'>Daue,</span> <span class='ocrx_word' id='word_1_95' title='bbox 487 2028 542 2092; x_wconf 74' lang='lat' dir='ltr'>obi</span> <span class='ocrx_word' id='word_1_96' title='bbox 562 2029 694 2093; x_wconf 85' lang='lat' dir='ltr'>domum.</span> 
     </span>
    </p>

    <p class='ocr_par' dir='ltr' id='par_1_13' title="bbox 160 2128 1273 2734">
     <span class='ocr_line' id='line_1_18' title="bbox 249 2128 1273 2218; baseline -0.006 -20"><span class='ocrx_word' id='word_1_97' title='bbox 249 2133 314 2198; x_wconf 82' lang='lat' dir='ltr'>Sed</span> <span class='ocrx_word' id='word_1_98' title='bbox 349 2134 382 2195; x_wconf 93' lang='lat' dir='ltr'>in</span> <span class='ocrx_word' id='word_1_99' title='bbox 412 2133 578 2218; x_wconf 89' lang='lat' dir='ltr'>utriusque</span> <span class='ocrx_word' id='word_1_100' title='bbox 607 2131 738 2196; x_wconf 86' lang='lat' dir='ltr'><strong>editoris</strong></span> <span class='ocrx_word' id='word_1_101' title='bbox 768 2129 935 2195; x_wconf 80' lang='lat' dir='ltr'>lectionem</span> <span class='ocrx_word' id='word_1_102' title='bbox 966 2131 1101 2217; x_wconf 90' lang='lat' dir='ltr'>optimo,</span> <span class='ocrx_word' id='word_1_103' title='bbox 1131 2137 1167 2193; x_wconf 93' lang='lat' dir='ltr'>ut</span> <span class='ocrx_word' id='word_1_104' title='bbox 1195 2128 1273 2193; x_wconf 90' lang='lat' dir='ltr'>mihi</span> 
     </span>
     <span class='ocr_line' id='line_1_19' title="bbox 160 2221 1272 2321; baseline -0.004 -21"><span class='ocrx_word' id='word_1_105' title='bbox 160 2234 288 2321; x_wconf 92' lang='lat' dir='ltr'>quidem</span> <span class='ocrx_word' id='word_1_106' title='bbox 303 2234 440 2318; x_wconf 86' lang='lat' dir='ltr'>videtur,</span> <span class='ocrx_word' id='word_1_107' title='bbox 454 2236 523 2300; x_wconf 94' lang='lat' dir='ltr'>iure</span> <span class='ocrx_word' id='word_1_108' title='bbox 539 2235 601 2300; x_wconf 92' lang='lat' dir='ltr'>duo</span> <span class='ocrx_word' id='word_1_109' title='bbox 617 2234 739 2320; x_wconf 85' lang='lat' dir='ltr'><strong>profert</strong></span> <span class='ocrx_word' id='word_1_110' title='bbox 754 2232 945 2321; x_wconf 84' lang='lat' dir='ltr'>Spengelius</span> <span class='ocrx_word' id='word_1_111' title='bbox 956 2234 1004 2320; x_wconf 82' lang='lat'>³⁸),</span> <span class='ocrx_word' id='word_1_112' title='bbox 1027 2221 1111 2320; x_wconf 86' lang='lat' dir='ltr'>¹quae</span> <span class='ocrx_word' id='word_1_113' title='bbox 1127 2232 1272 2298; x_wconf 83' lang='lat' dir='ltr'><strong>obstent:</strong></span> 
     </span>
     <span class='ocr_line' id='line_1_20' title="bbox 160 2336 1273 2425; baseline -0.001 -25"><span class='ocrx_word' id='word_1_114' title='bbox 160 2339 274 2403; x_wconf 90' lang='lat' dir='ltr'>horum</span> <span class='ocrx_word' id='word_1_115' title='bbox 307 2336 443 2402; x_wconf 89' lang='lat' dir='ltr'>alterum</span> <span class='ocrx_word' id='word_1_116' title='bbox 472 2338 601 2425; x_wconf 91' lang='lat' dir='ltr'>quidem</span> <span class='ocrx_word' id='word_1_117' title='bbox 631 2339 649 2401; x_wconf 91' lang='lat' dir='ltr'>i.</span> <span class='ocrx_word' id='word_1_118' title='bbox 682 2360 708 2404; x_wconf 92' lang='lat' dir='ltr'>e.</span> <span class='ocrx_word' id='word_1_119' title='bbox 740 2336 928 2402; x_wconf 81' lang='lat' dir='ltr'>adverbium</span> <span class='ocrx_word' id='word_1_120' title='bbox 959 2338 1086 2420; x_wconf 79' lang='lat' dir='ltr'>‚‚iutao“</span> <span class='ocrx_word' id='word_1_121' title='bbox 1115 2358 1273 2423; x_wconf 83' lang='lat' dir='ltr'>nusquam</span> 
     </span>
     <span class='ocr_line' id='line_1_21' title="bbox 163 2438 1273 2505; baseline -0.003 0"><span class='ocrx_word' id='word_1_122' title='bbox 163 2441 302 2505; x_wconf 88' lang='lat' dir='ltr'>inveniri</span> <span class='ocrx_word' id='word_1_123' title='bbox 340 2441 545 2505; x_wconf 77' lang='lat' dir='ltr'>coniunctum</span> <span class='ocrx_word' id='word_1_124' title='bbox 580 2462 652 2505; x_wconf 91' lang='lat' dir='ltr'>oum</span> <span class='ocrx_word' id='word_1_125' title='bbox 689 2440 797 2504; x_wconf 91' lang='lat' dir='ltr'>verbis</span> <span class='ocrx_word' id='word_1_126' title='bbox 834 2440 984 2505; x_wconf 91' lang='lat' dir='ltr'>movendi</span> <span class='ocrx_word' id='word_1_127' title='bbox 1013 2442 1078 2505; x_wconf 93' lang='lat' dir='ltr'>iam</span> <span class='ocrx_word' id='word_1_128' title='bbox 1110 2438 1273 2504; x_wconf 89' lang='lat' dir='ltr'>Bentleius</span> 
     </span>
     <span class='ocr_line' id='line_1_22' title="bbox 160 2537 1272 2631; baseline -0.004 -21"><span class='ocrx_word' id='word_1_129' title='bbox 160 2545 363 2631; x_wconf 80' lang='lat' dir='ltr'>perspexisse</span> <span class='ocrx_word' id='word_1_130' title='bbox 381 2543 517 2626; x_wconf 86' lang='lat' dir='ltr'>videtur,</span> <span class='ocrx_word' id='word_1_131' title='bbox 539 2537 678 2630; x_wconf 88' lang='lat' dir='ltr'>namque</span> <span class='ocrx_word' id='word_1_132' title='bbox 700 2545 746 2609; x_wconf 89' lang='lat' dir='ltr'>sio</span> <span class='ocrx_word' id='word_1_133' title='bbox 767 2565 880 2607; x_wconf 86' lang='lat' dir='ltr'>versus</span> <span class='ocrx_word' id='word_1_134' title='bbox 898 2544 998 2609; x_wconf 88' lang='lat' dir='ltr'>verba</span> <span class='ocrx_word' id='word_1_135' title='bbox 1013 2543 1272 2628; x_wconf 69' lang='lat' dir='ltr'>interpungendi&gt;</span> 
     </span>
     <span class='ocr_line' id='line_1_23' title="bbox 163 2647 791 2734; baseline -0.003 -22"><span class='ocrx_word' id='word_1_136' title='bbox 163 2655 315 2734; x_wconf 87' lang='lat' dir='ltr'>separata</span> <span class='ocrx_word' id='word_1_137' title='bbox 335 2649 369 2712; x_wconf 92' lang='lat' dir='ltr'>in</span> <span class='ocrx_word' id='word_1_138' title='bbox 392 2648 460 2712; x_wconf 89' lang='lat' dir='ltr'>eius</span> <span class='ocrx_word' id='word_1_139' title='bbox 482 2647 621 2712; x_wconf 87' lang='lat' dir='ltr'>editione</span> <span class='ocrx_word' id='word_1_140' title='bbox 644 2654 791 2711; x_wconf 88' lang='lat' dir='ltr'>exstant:</span> 
     </span>
    </p>

    <p class='ocr_par' dir='ltr' id='par_1_14' title="bbox 246 2748 1272 2835">
     <span class='ocr_line' id='line_1_24' title="bbox 246 2748 1272 2835; baseline -0.005 -20"><span class='ocrx_word' id='word_1_141' title='bbox 246 2751 378 2835; x_wconf 70' lang='lat' dir='ltr'>Slqaere</span> <span class='ocrx_word' id='word_1_142' title='bbox 413 2748 473 2815; x_wconf 78' lang='grc'>1000</span> <span class='ocrx_word' id='word_1_143' title='bbox 497 2775 553 2816; x_wconf 85' lang='lat' dir='ltr'>me.</span> <span class='ocrx_word' id='word_1_144' title='bbox 583 2753 671 2816; x_wconf 74' lang='lat' dir='ltr'>uirtus</span> <span class='ocrx_word' id='word_1_145' title='bbox 696 2752 785 2834; x_wconf 78' lang='lat' dir='ltr'>dpud</span> <span class='ocrx_word' id='word_1_146' title='bbox 819 2748 997 2834; x_wconf 71' lang='lat' dir='ltr'>Glycerium</span> <span class='ocrx_word' id='word_1_147' title='bbox 1025 2755 1110 2814; x_wconf 78' lang='lat' dir='ltr'>utine</span> <span class='ocrx_word' id='word_1_148' title='bbox 1133 2761 1184 2816; x_wconf 81' lang='lat' dir='ltr'>est.</span> <span class='ocrx_word' id='word_1_149' title='bbox 1230 2762 1272 2831; x_wconf 82' lang='lat' dir='ltr'>tu,</span> 
     </span>
    </p>

    <p class='ocr_par' dir='ltr' id='par_1_15' title="bbox 368 2853 748 2939">
     <span class='ocr_line' id='line_1_25' title="bbox 368 2853 748 2939; baseline 0 -22"><span class='ocrx_word' id='word_1_150' title='bbox 368 2854 465 2935; x_wconf 85' lang='lat' dir='ltr'>Dave,</span> <span class='ocrx_word' id='word_1_151' title='bbox 488 2855 543 2919; x_wconf 79' lang='lat' dir='ltr'>ddi</span> <span class='ocrx_word' id='word_1_152' title='bbox 563 2855 694 2919; x_wconf 77' lang='lat' dir='ltr'>doraum.</span> <span class='ocrx_word' id='word_1_153' title='bbox 707 2853 748 2939; x_wconf 79' lang='lat'>³⁹)</span> 
     </span>
    </p>

    <p class='ocr_par' dir='ltr' id='par_1_16' title="bbox 160 2954 1274 3456">
     <span class='ocr_line' id='line_1_26' title="bbox 246 2954 1274 3041; baseline -0.003 -22"><span class='ocrx_word' id='word_1_154' title='bbox 246 2956 358 3041; x_wconf 90' lang='lat' dir='ltr'>Neque</span> <span class='ocrx_word' id='word_1_155' title='bbox 380 2958 486 3021; x_wconf 88' lang='lat' dir='ltr'>minus</span> <span class='ocrx_word' id='word_1_156' title='bbox 508 2956 643 3022; x_wconf 87' lang='lat' dir='ltr'>alterum</span> <span class='ocrx_word' id='word_1_157' title='bbox 667 2958 688 3023; x_wconf 88' lang='lat' dir='ltr'>i.</span> <span class='ocrx_word' id='word_1_158' title='bbox 711 2980 736 3021; x_wconf 89' lang='lat' dir='ltr'>e.</span> <span class='ocrx_word' id='word_1_159' title='bbox 759 2955 898 3020; x_wconf 91' lang='lat' dir='ltr'>nominis</span> <span class='ocrx_word' id='word_1_160' title='bbox 920 2956 1040 3041; x_wconf 89' lang='lat' dir='ltr'>proprii</span> <span class='ocrx_word' id='word_1_161' title='bbox 1055 2954 1274 3040; x_wconf 61' lang='lat' dir='ltr'>„Glycerium‘</span> 
     </span>
     <span class='ocr_line' id='line_1_27' title="bbox 163 3057 1273 3146; baseline -0.002 -22"><span class='ocrx_word' id='word_1_162' title='bbox 163 3057 323 3145; x_wconf 85' lang='lat' dir='ltr'>syllabam</span> <span class='ocrx_word' id='word_1_163' title='bbox 352 3061 656 3146; x_wconf 84' lang='lat' dir='ltr'>antepaenultimam</span> <span class='ocrx_word' id='word_1_164' title='bbox 687 3059 774 3125; x_wconf 92' lang='lat' dir='ltr'>nullo</span> <span class='ocrx_word' id='word_1_165' title='bbox 800 3067 966 3146; x_wconf 69' lang='lat' dir='ltr'>praeterea</span> <span class='ocrx_word' id='word_1_166' title='bbox 985 3057 1129 3123; x_wconf 89' lang='lat' dir='ltr'>Andriae</span> <span class='ocrx_word' id='word_1_167' title='bbox 1150 3057 1273 3143; x_wconf 79' lang='lat' dir='ltr'>loeo⁴⁰)</span> 
     </span>
     <span class='ocr_line' id='line_1_28' title="bbox 160 3160 1273 3249; baseline -0.002 -23"><span class='ocrx_word' id='word_1_168' title='bbox 160 3164 226 3248; x_wconf 76' lang='lat' dir='ltr'>iotu</span> <span class='ocrx_word' id='word_1_169' title='bbox 249 3183 363 3225; x_wconf 88' lang='lat' dir='ltr'>versus</span> <span class='ocrx_word' id='word_1_170' title='bbox 384 3162 504 3244; x_wconf 77' lang='lat' dir='ltr'>offerri,</span> <span class='ocrx_word' id='word_1_171' title='bbox 525 3162 657 3248; x_wconf 85' lang='lat' dir='ltr'>dignum</span> <span class='ocrx_word' id='word_1_172' title='bbox 679 3163 805 3227; x_wconf 87' lang='lat' dir='ltr'>videtur</span> <span class='ocrx_word' id='word_1_173' title='bbox 828 3162 914 3249; x_wconf 92' lang='lat' dir='ltr'>quod</span> <span class='ocrx_word' id='word_1_174' title='bbox 938 3182 1161 3245; x_wconf 79' lang='lat' dir='ltr'>agnoscamus.</span> <span class='ocrx_word' id='word_1_175' title='bbox 1208 3160 1273 3224; x_wconf 85' lang='lat' dir='ltr'>Sed</span> 
     </span>
     <span class='ocr_line' id='line_1_29' title="bbox 161 3262 1273 3354; baseline -0.004 -23"><span class='ocrx_word' id='word_1_176' title='bbox 161 3263 352 3354; x_wconf 87' lang='lat' dir='ltr'>Spengelius</span> <span class='ocrx_word' id='word_1_177' title='bbox 374 3264 501 3350; x_wconf 91' lang='lat' dir='ltr'>qualem</span> <span class='ocrx_word' id='word_1_178' title='bbox 523 3265 592 3352; x_wconf 89' lang='lat' dir='ltr'>ipse</span> <span class='ocrx_word' id='word_1_179' title='bbox 614 3267 790 3351; x_wconf 85' lang='lat' dir='ltr'>genuinam</span> <span class='ocrx_word' id='word_1_180' title='bbox 806 3287 919 3331; x_wconf 87' lang='lat' dir='ltr'>versus</span> <span class='ocrx_word' id='word_1_181' title='bbox 941 3265 1078 3329; x_wconf 83' lang='lat' dir='ltr'>formam</span> <span class='ocrx_word' id='word_1_182' title='bbox 1093 3265 1193 3328; x_wconf 89' lang='lat' dir='ltr'>fuisse</span> <span class='ocrx_word' id='word_1_183' title='bbox 1211 3262 1273 3328; x_wconf 88' lang='lat' dir='ltr'>sibi</span> 
     </span>
     <span class='ocr_line' id='line_1_30' title="bbox 161 3369 339 3456; baseline 0 -23"><span class='ocrx_word' id='word_1_184' title='bbox 161 3369 339 3456; x_wconf 83' lang='lat' dir='ltr'>persuasit:</span> 
     </span>
    </p>
   </div>
   <div class='ocr_carea' id='block_1_5' title="bbox 160 3589 1275 4182">
    <p class='ocr_par' dir='ltr' id='par_1_17' title="bbox 160 3589 1275 3748">
     <span class='ocr_line' id='line_1_31' title="bbox 231 3589 1275 3660; baseline 0 -16"><span class='ocrx_word' id='word_1_185' title='bbox 231 3591 275 3656; x_wconf 78' lang='lat'>36)</span> <span class='ocrx_word' id='word_1_186' title='bbox 294 3591 479 3646; x_wconf 84' lang='lat' dir='ltr'>nominativus</span> <span class='ocrx_word' id='word_1_187' title='bbox 503 3594 583 3660; x_wconf 77' lang='lat' dir='ltr'>„epo“</span> <span class='ocrx_word' id='word_1_188' title='bbox 602 3590 674 3644; x_wconf 88' lang='lat' dir='ltr'>sient</span> <span class='ocrx_word' id='word_1_189' title='bbox 690 3591 719 3643; x_wconf 93' lang='lat' dir='ltr'>in</span> <span class='ocrx_word' id='word_1_190' title='bbox 731 3589 844 3644; x_wconf 82' lang='lat' dir='ltr'><strong>BOEFP</strong></span> <span class='ocrx_word' id='word_1_191' title='bbox 863 3590 948 3644; x_wconf 89' lang='lat' dir='ltr'>etiam</span> <span class='ocrx_word' id='word_1_192' title='bbox 965 3589 994 3642; x_wconf 93' lang='lat' dir='ltr'>in</span> <span class='ocrx_word' id='word_1_193' title='bbox 1011 3589 1163 3646; x_wconf 87' lang='lat' dir='ltr'>Deeurtato</span> <span class='ocrx_word' id='word_1_194' title='bbox 1180 3591 1227 3660; x_wconf 87' lang='lat' dir='ltr'>(D)</span> <span class='ocrx_word' id='word_1_195' title='bbox 1246 3591 1275 3644; x_wconf 90' lang='lat' dir='ltr'>et</span> 
     </span>
     <span class='ocr_line' id='line_1_32' title="bbox 160 3676 631 3748; baseline 0.002 -18"><span class='ocrx_word' id='word_1_196' title='bbox 160 3677 189 3730; x_wconf 92' lang='lat' dir='ltr'>in</span> <span class='ocrx_word' id='word_1_197' title='bbox 208 3676 367 3732; x_wconf 82' lang='lat' dir='ltr'>Victoriano</span> <span class='ocrx_word' id='word_1_198' title='bbox 384 3679 430 3748; x_wconf 77' lang='lat' dir='ltr'>(G)</span> <span class='ocrx_word' id='word_1_199' title='bbox 448 3679 530 3747; x_wconf 89' lang='lat' dir='ltr'>plane</span> <span class='ocrx_word' id='word_1_200' title='bbox 547 3678 631 3732; x_wconf 83' lang='lat' dir='ltr'>deest.</span> 
     </span>
    </p>

    <p class='ocr_par' dir='ltr' id='par_1_18' title="bbox 231 3762 936 3833">
     <span class='ocr_line' id='line_1_33' title="bbox 231 3762 936 3833; baseline -0.006 -15"><span class='ocrx_word' id='word_1_201' title='bbox 231 3763 275 3833; x_wconf 85' lang='grc'>37)</span> <span class='ocrx_word' id='word_1_202' title='bbox 294 3764 327 3818; x_wconf 88' lang='lat' dir='ltr'>of.</span> <span class='ocrx_word' id='word_1_203' title='bbox 346 3779 368 3817; x_wconf 90' lang='grc'>0.</span> <span class='ocrx_word' id='word_1_204' title='bbox 387 3782 414 3833; x_wconf 85' lang='lat' dir='ltr'>g.</span> <span class='ocrx_word' id='word_1_205' title='bbox 432 3764 513 3819; x_wconf 90' lang='lat' dir='ltr'>huius</span> <span class='ocrx_word' id='word_1_206' title='bbox 533 3764 643 3818; x_wconf 86' lang='lat' dir='ltr'>fabulae</span> <span class='ocrx_word' id='word_1_207' title='bbox 660 3781 703 3818; x_wconf 85' lang='lat' dir='ltr'>vv.</span> <span class='ocrx_word' id='word_1_208' title='bbox 721 3763 780 3817; x_wconf 84' lang='grc'>329.</span> <span class='ocrx_word' id='word_1_209' title='bbox 800 3764 859 3818; x_wconf 85' lang='grc'><strong>550.</strong></span> <span class='ocrx_word' id='word_1_210' title='bbox 877 3762 936 3816; x_wconf 87' lang='lat'><strong>888.</strong></span> 
     </span>
    </p>

    <p class='ocr_par' dir='ltr' id='par_1_19' title="bbox 228 3850 878 3923">
     <span class='ocr_line' id='line_1_34' title="bbox 228 3850 878 3923; baseline -0.002 -20"><span class='ocrx_word' id='word_1_211' title='bbox 228 3851 273 3916; x_wconf 75' lang='lat'>38)</span> <span class='ocrx_word' id='word_1_212' title='bbox 290 3851 319 3903; x_wconf 93' lang='lat' dir='ltr'>in</span> <span class='ocrx_word' id='word_1_213' title='bbox 338 3852 429 3906; x_wconf 83' lang='lat' dir='ltr'>adnot.</span> <span class='ocrx_word' id='word_1_214' title='bbox 448 3853 477 3906; x_wconf 89' lang='lat' dir='ltr'>et</span> <span class='ocrx_word' id='word_1_215' title='bbox 493 3853 523 3906; x_wconf 92' lang='lat' dir='ltr'>in</span> <span class='ocrx_word' id='word_1_216' title='bbox 541 3852 657 3923; x_wconf 84' lang='lat' dir='ltr'>append.</span> <span class='ocrx_word' id='word_1_217' title='bbox 677 3851 737 3905; x_wconf 80' lang='lat' dir='ltr'>erit.</span> <span class='ocrx_word' id='word_1_218' title='bbox 755 3850 834 3903; x_wconf 85' lang='lat' dir='ltr'>adh.</span> <span class='ocrx_word' id='word_1_219' title='bbox 852 3869 878 3904; x_wconf 88' lang='lat' dir='ltr'>v.</span> 
     </span>
    </p>

    <p class='ocr_par' dir='ltr' id='par_1_20' title="bbox 162 3937 1273 4096">
     <span class='ocr_line' id='line_1_35' title="bbox 230 3937 1273 4007; baseline -0.001 -15"><span class='ocrx_word' id='word_1_220' title='bbox 230 3938 275 4007; x_wconf 91' lang='grc'>39)</span> <span class='ocrx_word' id='word_1_221' title='bbox 291 3937 364 3991; x_wconf 87' lang='lat' dir='ltr'>idem</span> <span class='ocrx_word' id='word_1_222' title='bbox 385 3938 490 4007; x_wconf 84' lang='lat' dir='ltr'>placuit</span> <span class='ocrx_word' id='word_1_223' title='bbox 508 3940 537 3993; x_wconf 92' lang='lat' dir='ltr'>et</span> <span class='ocrx_word' id='word_1_224' title='bbox 554 3937 659 3994; x_wconf 84' lang='lat' dir='ltr'>Klotzio</span> <span class='ocrx_word' id='word_1_225' title='bbox 676 3937 704 3990; x_wconf 93' lang='lat' dir='ltr'>in</span> <span class='ocrx_word' id='word_1_226' title='bbox 723 3937 784 3991; x_wconf 87' lang='lat' dir='ltr'>edit.</span> <span class='ocrx_word' id='word_1_227' title='bbox 803 3937 923 3993; x_wconf 82' lang='lat' dir='ltr'>Andriae</span> <span class='ocrx_word' id='word_1_228' title='bbox 942 3940 970 3992; x_wconf 87' lang='lat' dir='ltr'>et</span> <span class='ocrx_word' id='word_1_229' title='bbox 987 3937 1136 3992; x_wconf 86' lang='lat' dir='ltr'>Ritsohelio</span> <span class='ocrx_word' id='word_1_230' title='bbox 1153 3937 1183 3989; x_wconf 90' lang='lat' dir='ltr'>in</span> <span class='ocrx_word' id='word_1_231' title='bbox 1201 3954 1273 3991; x_wconf 89' lang='lat' dir='ltr'>oom-</span> 
     </span>
     <span class='ocr_line' id='line_1_36' title="bbox 162 4023 1272 4096; baseline 0.004 -18"><span class='ocrx_word' id='word_1_232' title='bbox 162 4023 331 4080; x_wconf 87' lang='lat' dir='ltr'>mentatione</span> <span class='ocrx_word' id='word_1_233' title='bbox 343 4025 393 4090; x_wconf 74' lang='lat' dir='ltr'>„de</span> <span class='ocrx_word' id='word_1_234' title='bbox 404 4027 506 4092; x_wconf 73' lang='lat' dir='ltr'>pomino</span> <span class='ocrx_word' id='word_1_235' title='bbox 517 4025 591 4078; x_wconf 74' lang='lat' dir='ltr'>exitu</span> <span class='ocrx_word' id='word_1_236' title='bbox 600 4025 726 4078; x_wconf 76' lang='lat' dir='ltr'>Andriae</span> <span class='ocrx_word' id='word_1_237' title='bbox 737 4025 928 4080; x_wconf 66' lang='lat' dir='ltr'>Terentianae*</span> <span class='ocrx_word' id='word_1_238' title='bbox 941 4041 1049 4096; x_wconf 80' lang='lat' dir='ltr'>parerg.</span> <span class='ocrx_word' id='word_1_239' title='bbox 1073 4025 1161 4079; x_wconf 86' lang='lat' dir='ltr'>Plaut</span> <span class='ocrx_word' id='word_1_240' title='bbox 1174 4042 1200 4095; x_wconf 89' lang='lat' dir='ltr'>p.</span> <span class='ocrx_word' id='word_1_241' title='bbox 1214 4025 1272 4082; x_wconf 84' lang='lat'><strong>596.</strong></span> 
     </span>
    </p>

    <p class='ocr_par' dir='ltr' id='par_1_21' title="bbox 227 4111 793 4182">
     <span class='ocr_line' id='line_1_37' title="bbox 227 4111 793 4182; baseline -0.007 -14"><span class='ocrx_word' id='word_1_242' title='bbox 227 4113 272 4182; x_wconf 83' lang='lat'>40)</span> <span class='ocrx_word' id='word_1_243' title='bbox 289 4112 323 4168; x_wconf 79' lang='lat' dir='ltr'>ot</span> <span class='ocrx_word' id='word_1_244' title='bbox 342 4111 480 4182; x_wconf 83' lang='lat' dir='ltr'>Spengelii</span> <span class='ocrx_word' id='word_1_245' title='bbox 497 4113 619 4167; x_wconf 89' lang='lat' dir='ltr'>adnotat.</span> <span class='ocrx_word' id='word_1_246' title='bbox 638 4112 673 4166; x_wconf 89' lang='lat' dir='ltr'>ad</span> <span class='ocrx_word' id='word_1_247' title='bbox 690 4130 716 4168; x_wconf 82' lang='lat' dir='ltr'>v.</span> <span class='ocrx_word' id='word_1_248' title='bbox 735 4114 793 4169; x_wconf 88' lang='grc'>969.</span> 
     </span>
    </p>
   </div>
   <div class='ocr_carea' id='block_1_6' title="bbox 0 0 1460 4642">
    <p class='ocr_par' dir='ltr' id='par_1_22' title="bbox 0 0 1460 4642">
     <span class='ocr_line' id='line_1_38' title="bbox 0 0 1460 4642; baseline 0 0"><span class='ocrx_word' id='word_1_249' title='bbox 0 0 1460 4642; x_wconf 95' lang='lat' dir='ltr'> </span> 
     </span>
    </p>
   </div>
  </div>
 </body>
</html>
