2910 4642
612 269 824 335 ..26-

251 438 416 506 'omuibus
438 439 540 506 nobis
562 446 597 506 u't
617 465 667 506 rea
687 439 772 505 (lunt
793 454 893 519 suso,
922 444 968 503 tta
989 443 1100 525 mopsi
1118 454 1208 526 atque
1220 439 1276 503 ltu·

371 546 461 610 miles
481 568 591 609 sumus
628 614 631 619 ,
718 554 719 558 ’

250 645 311 712 Ad.
333 648 396 712 322
419 646 492 732 (Ill,
515 648 545 729 2,
568 649 638 734 24);

254 749 296 813 Te
317 757 459 834 capeccm
480 751 595 836 oppido
617 751 785 836 opportune
806 751 843 816 be
865 749 1028 816 obtulisti
1051 749 1100 813 mi
1121 749 1249 814 obuiam.

249 851 290 918 ib.
314 854 376 918 838
399 853 452 937 (V,
474 856 503 934 3,
526 855 596 939 52):
1076 846 1079 856 ’

250 956 332 1020 mc'tte
352 959 417 1021 iarn
439 962 552 1021 istaec:
573 954 618 1020 (lu
639 956 675 1022 ie
699 957 791 1022 hodia
811 956 898 1021 1111111

250 1056 343 1122 Unus
366 1068 520 1146 quantum
542 1080 653 1124 eruere
674 1061 782 1146 potui,
805 1069 911 1125 exstat
932 1061 965 1124 in
989 1059 1132 1123 Terentii
1159 1055 1277 1120 fabulis

165 1159 268 1239 locus,
298 1182 362 1246 quo
385 1184 462 1227 sane
484 1162 734 1228 luculentissime
758 1163 814 1229 illa
840 1163 880 1229 de
906 1161 1102 1250 pronominis
1128 1158 1272 1224 reflexivi

165 1262 373 1330 collocatione
396 1289 508 1332 norma
529 1265 686 1331 violatur:
1136 1275 1138 1280 ’

252 1367 332 1432 Hec.
356 1370 418 1433 626
442 1391 487 1455 sq.
510 1368 582 1453 (IV,
602 1370 633 1444 4,
656 1369 677 1432 4
700 1369 775 1455 sq.):

256 1471 339 1535 Huic
359 1477 430 1539 uero
452 1475 539 1538 calla
560 1486 605 1537 est
620 1473 631 1557 11
647 1467 839 1558 'Opportune
860 1470 895 1536 16
915 1468 1016 1546 mihi,

166 1573 331 1660 Phidippo,
352 1575 385 1639 iu
408 1575 477 1660 ipso
501 1581 633 1661 tempore
654 1574 819 1643 ostendis,
837 1577 848 1660 ΙΙ
888 1575 976 1655 Quid
994 1574 1060 1638 est?

254 1677 345 1742 Haec
367 1678 400 1742 in
423 1679 607 1742 universum
624 1681 786 1764 omnes⁹l)
807 1679 966 1765 praebent
981 1677 1011 1742 ll.
1028 1684 1060 1741 et
1074 1675 1158 1741 Dcn.
1174 1694 1279 1758 neque

168 1802 220 1843 vv.
247 1780 297 1844 dd.
320 1781 496 1867 quidquam
518 1791 731 1850 mutaverunt.
773 1782 933 1847 Inusitata
959 1780 1125 1846 collocatio
1147 1800 1279 1842 accusa·

167 1884 225 1947 tivi
245 1891 318 1962 ‚,te“,
348 1905 443 1970 quem
473 1884 559 1949 haud
583 1887 652 1951 sine
673 1886 805 1952 consilio
828 1895 924 1974 poeta
945 1884 980 1948 in
1002 1884 1067 1947 arsi
1088 1904 1202 1948 versus
1223 1903 1282 1968 po·

167 1988 269 2050 suisse
300 1986 442 2066 videtur,
472 1989 579 2054 nescio
610 2010 651 2053 an
679 1989 720 2054 ob
750 1987 829 2054 illud
857 1991 974 2074 optimc
996 1986 1146 2051 excusari
1168 1985 1280 2071 possit,

168 2089 253 2174 quod
277 2092 443 2154 vocativus
466 2091 656 2178 „Ploidtppc“
679 2092 822 2174 additur,
846 2114 908 2179 quc
931 2113 1008 2155 casu
1030 2088 1141 2154 addito
1163 2108 1280 2174 prono-

167 2192 246 2256 mini
274 2193 433 2257 secundae
463 2217 620 2280 personae
649 2194 736 2260 haud
758 2217 892 2282 parvam
914 2196 980 2259 vim
1002 2192 1101 2258 tribui
1122 2192 1186 2254 iam
1209 2188 1280 2275 plu-

167 2295 256 2360 ribus
279 2297 312 2361 in
336 2296 489 2384 exemplis
511 2298 659 2365 vidimus.
885 2308 895 2315 ’

252 2399 366 2484 ltaque
395 2423 482 2467 nunc
512 2402 590 2466 mihi
619 2403 681 2488 ipsi
711 2423 816 2488 neque
845 2403 1061 2467 necessarium
1082 2419 1185 2485 neque
1207 2417 1280 2482 pro-

168 2499 274 2565 babile
300 2502 427 2568 videtur
456 2505 542 2569 hunc
569 2504 673 2571 locum
697 2506 739 2570 ad
761 2527 905 2570 normam
936 2513 1080 2569 nostram
1109 2501 1279 2584 corrigere,

168 2603 200 2667 id
230 2604 316 2690 quod
344 2607 414 2671 ficri
443 2611 555 2694 nequit
582 2609 645 2674 nisi
677 2609 749 2695 quis
778 2609 955 2695 compluria
987 2608 1020 2671 in
1051 2605 1101 2671 his
1130 2602 1279 2669 versibus

168 2708 286 2792 optime
308 2711 434 2776 traditis
455 2712 637 2778 immutat*

256 2811 309 2876 Ex
332 2815 526 2880 comicorum
548 2816 737 2898 fragmentis
758 2813 823 2878 duo
845 2815 909 2878 huc
930 2810 1088 2877 referendi
1111 2818 1185 2874 sunt
1204 2807 1267 2872 loci

253 2914 383 2981 Trabea
404 2940 435 2981 v.
457 2919 478 2983 5
500 2918 624 3003 (Ribb.2
646 2918 736 2984 Com.
759 2941 790 3004 p.
811 2918 881 3002 31):

254 3017 337 3084 uini
361 3035 399 3086 se
421 3018 534 3086 dedet.

254 3121 418 3209 Turpilius
439 3147 470 3190 v.
493 3126 534 3190 89
558 3125 622 3211 (1.1.
646 3148 676 3210 p.
699 3125 771 3210 96):

255 3228 479 3292 Immortalitaa
501 3242 539 3292 se
562 3227 693 3310 optulit
712 3225 762 3290 1111
773 3227 815 3311 ⁹⁸)
835 3229 909 3291 haec
928 3225 1077 3310 facultas.

254 3330 420 3395 Postremo
452 3335 478 3398 si
510 3335 575 3396 iam
605 3332 744 3418 reliquos
766 3329 909 3394 Terentii
931 3350 1043 3393 versus
1071 3325 1105 3388 iu
1127 3322 1280 3387 iudicium
1345 3369 1350 3376 .

169 3432 371 3511 vocabimus,
402 3436 456 3499 ubi
486 3435 563 3501 bina
595 3435 785 3524 pronomina
814 3432 997 3519 personalia
1023 3438 1184 3493 structura
1206 3446 1281 3490 con·

169 3537 359 3621 iunguntur,
380 3537 475 3617 illud,
502 3541 587 3624 quod
611 3526 710 3625 s'upra
732 3539 836 3620 tetigi,
858 3532 1026 3623 apparebit
1047 3529 1183 3595 Mahleri
1206 3528 1237 3613 (l.
1261 3526 1280 3593 l.

169 3663 198 3726 p.
221 3642 263 3705 38
286 3643 367 3726 sqq.)
396 3663 526 3707 normas
555 3643 684 3707 minime
713 3641 850 3704 firmari:
880 3659 956 3700 nam
985 3634 1030 3699 illi
1057 3633 1186 3719 quidem
1215 3630 1280 3714 legi

168 3745 325 3822 ‚databant
352 3745 498 3810 collocari
524 3746 619 3811 solere
648 3757 719 3810 aaa
747 3741 958 3808 accusativum
991 3751 1019 3802 et
1047 3737 1211 3803 alcaicum
1241 3757 1280 3799 ec

237 3987 283 4050 97)
301 3984 358 4038 ood.
377 3983 408 4048 E,
426 3984 568 4041 deterioris
587 3988 677 4050 notae,
694 4001 747 4038 om.
767 3982 836 4051 „tat

237 4076 283 4145 98)
302 4080 373 4145 „mu‘
392 4071 471 4126 Ribb.
489 4090 553 4128 cum
572 4073 681 4143 rochia
700 4071 792 4135 ‚.mt'lu'“
812 4067 888 4127 codd.
