2910 4642
613 276 826 344 -33-.

253 448 402 535 sumptim
423 447 565 513 vostros
588 448 741 532 otiumque
761 459 796 511 ur
817 445 942 511 nostra
963 468 1013 511 res
1030 450 1137 532 posset
1152 444 1227 534 pati

167 551 321 617 usitatum
355 550 536 636 neglexerit
568 550 810 616 collocationem
843 552 1083 636 pronominum:
1116 549 1162 614 ibi
1183 552 1280 615 enim

168 661 291 739 quanta
311 655 361 719 vis
391 655 569 719 sententiae
598 656 631 719 in
661 655 854 719 accusativis
883 653 975 732 insit,
1006 653 1084 718 satis
1112 653 1214 718 elucet
1240 676 1282 717 ex

169 778 216 838 eo,
238 757 323 843 quod
345 756 417 822 illos
433 757 603 822 Terentius
624 758 676 823 vel
698 767 773 822 ante
796 758 1052 822 coniunctionem
1074 760 1144 835 ‚,ut“
1167 757 1281 844 posuit.

170 859 262 940 Quae
283 882 357 924 cum
379 861 425 924 ita
448 881 481 923 se
504 860 655 941 habeant,
677 884 742 927 non
763 869 842 947 puto
865 861 961 925 unico
984 858 1038 925 illo
1055 861 1211 947 exemplo,
1226 860 1281 924 ubi

167 963 230 1026 nisi
253 966 325 1050 quis
349 964 576 1038 sententiarum
600 965 698 1029 nexui
713 962 876 1050 quandam
891 964 956 1026 vim
981 961 1110 1043 tribuet,
1131 963 1282 1047 indagari

167 1067 224 1129 vix
258 1067 391 1152 poterit,
423 1087 480 1130 cur
512 1077 607 1153 poeta
640 1067 817 1131 ablativum
852 1066 1054 1153 praemiserit
1089 1068 1283 1149 accusativo,

167 1190 298 1234 normas
312 1168 383 1265 illas
406 1169 502 1255 plane
525 1169 599 1233 tolli.
638 1169 744 1233 Locus
765 1167 818 1232 hic
833 1177 900 1234 est:

84 1258 89 1269 ’
254 1272 466 1358 Heuossq.
493 1271 748 1358 (1‚1,11sq.):
1101 1334 1103 1339 ,
1193 1327 1195 1330 .

397 1392 398 1395 ’
758 1377 813 1438 obs
834 1387 861 1439 a
884 1388 918 1438 ur
939 1360 1100 1438 blondum
1123 1373 1197 1439 suis

257 1477 359 1556 Quam
381 1480 510 1542 miccino
529 1481 631 1563 pretio
655 1477 753 1542 §uim
775 1478 956 1562 voluptutem
979 1479 1109 1562 expleat.

254 1582 361 1667 Atque
384 1581 466 1644 baec
488 1581 616 1666 quidem
638 1583 679 1646 de
699 1580 942 1670 pronominibus
964 1581 1172 1666 possessivis;
1195 1604 1280 1647 nuno

169 1693 275 1748 autem
299 1706 338 1748 ea
355 1683 499 1748 Terentii
516 1685 662 1770 exempla
678 1684 772 1749 nobis
787 1693 862 1748 sunt
877 1682 1102 1762 examinanda,
1117 1685 1150 1748 in
1165 1685 1281 1769 quibus

170 1786 305 1851 aliorum
331 1788 555 1875 pronominum
580 1788 727 1873 inprimis
750 1787 1074 1852 demonstrativorum
1098 1785 1164 1851 bini
1187 1808 1282 1876 casus

171 1897 331 1955 structura
352 1891 435 1954 iuter
458 1913 492 1954 se
514 1892 675 1955 coniuncti
699 1903 784 1970 sunt,
808 1901 839 1954 et
860 1889 1055 1975 ibiaequoque
1078 1888 1119 1953 ab
1147 1891 1194 1955 eis
1216 1892 1283 1977 pla-

169 2000 220 2055 cet
255 1993 395 2078 incipere
425 1994 586 2074 versibus,
616 1995 671 2079 qui
697 1994 748 2058 vel
778 1991 1035 2058 nominativum
1063 1993 1114 2056 vel
1142 2009 1282 2058 accusa·

167 2095 281 2159 tivum
314 2095 470 2177 positum
507 2098 664 2183 praebent
696 2096 778 2162 anto
812 2097 951 2162 cetoros
986 2110 1089 2159 casus
1124 2096 1282 2162 ciusdem

168 2197 411 2279 pronominis:

255 2300 355 2366 Andr.
378 2303 421 2366 46
443 2302 481 2387 (I,
507 2303 628 2421 1)19);

376 2403 442 2470 hoo
457 2429 598 2491 promum
618 2405 657 2469 ill
678 2403 743 2467 11ήο
763 2429 797 2469 re
813 2405 963 2490 praedico
985 2407 1049 2470 tibi.
1061 2407 1087 2491 9)

252 2508 295 2572 ib.
320 2510 382 2573 110
405 2531 450 2595 sq.
473 2508 513 2593 (Ι,
536 2511 563 2588 1,
586 2509 626 2572 83
650 2509 726 2594 sq.):

377 2608 433 2675 bic
452 2614 569 2696 priscae
591 2612 821 2676 commaculatis

172 2712 279 2778 Ouusa
299 2711 406 2777 hliills
428 2728 553 2779 mortem
574 2718 637 2779 tdm
656 2715 720 2798 sert
740 2714 951 2795 famtltbim'ter.

253 2817 294 2880 ib.
317 2817 378 2881 471
404 2815 478 2900 (ΠΙ,
502 2819 529 2898 1,
554 2818 624 2904 13);

188 3006 191 3010 Δ
254 2918 351 2983 llaec
369 2924 506 3005 primum
529 2921 677 3006 adfertur
698 2912 762 2986 iiim
783 2922 864 2985 milri
883 2919 927 2984 al)
945 2917 1011 2984 hou
1031 2917 1173 3001 falldot'c.

254 3022 298 3090 ib.
324 3021 385 3085 772
407 3021 478 3105 (lv,
499 3023 530 3101 4,
551 3024 624 3108 33):

252 3126 302 3189 Nc
322 3122 387 3187 illa
407 3121 512 3187 fflum
533 3123 620 3190 haud
640 3129 724 3191 uouit
743 3127 835 3190 cuius
856 3148 957 3190 causa
975 3124 1048 3188 baec
1071 3123 1192 3208 incepit.

255 3226 296 3292 ib.
320 3227 382 3292 786
399 3226 477 3313 (IV,
498 3226 527 3306 4,
549 3228 623 3312 47):

253 3329 388 3413 Scelere,
417 3328 506 3392 banc
534 3330 597 3393 iam
619 3343 734 3415 oportet
755 3335 790 3394 in
812 3329 983 3395 cruciatum
1007 3325 1142 3413 11111010)
1166 3326 1279 3412 dbrcpi.

252 3433 335 3498 Eun.
360 3434 420 3500 158
445 3431 627 3518 (Ι,2,18);

253 3539 371 3622 Naupe
392 3538 496 3602 omniu
517 3533 604 3599 huuc
626 3559 710 3600 uuae
730 3537 824 3600 verbu
846 3533 915 3599 huc
937 3535 1066 3599 redeunt
1087 3533 1225 3617 denique.

172 3661 376 3668 --..—.-.

238 3708 264 3776 9)
283 3722 317 3760 ex
339 3707 481 3776 permultis
506 3707 604 3762 horum
635 3704 764 3775 exemplis
791 3705 820 3759 id
842 3705 1014 3776 cognoscitur
1036 3703 1196 3758 Terentium
1218 3706 1279 3756 tum

167 3808 277 3863 quoque
294 3793 398 3847 duobus
414 3793 534 3848 eiusdem
550 3791 717 3863 pronominis
730 3791 824 3846 formis
836 3793 878 3847 uti
890 3793 1027 3857 adamare,
1044 3808 1106 3845 cum
1119 3791 1153 3844 sd
1165 3790 1280 3844 eandem

168 3882 212 3936 vel
229 3896 375 3950 personam
392 3880 436 3934 vel
452 3897 511 3934 rem
529 3898 584 3935 non
602 3881 736 3949 spectant.

223 3967 265 4037 10)
283 3966 412 4019 adverbia
429 3967 491 4020 litae
508 3968 559 4019 leuc
575 3965 688 4032 similia,
708 3966 839 4035 quoniam
856 3979 969 4018 munere
988 3964 1066 4033 quasi
1083 3980 1197 4018 casuum
1214 3963 1279 4017 obli·

168 4062 286 4123 quorum
305 4053 469 4122 funguntur,
486 4052 526 4105 bis
544 4053 574 4105 in
591 4051 720 4122 exemplis
737 4053 870 4123 respicere
888 4051 955 4105 mihi
971 4050 1072 4105 licebit.
