2910 4642
620 267 832 334 „40-

251 441 290 505 In
312 442 423 526 paucis
445 441 499 524 qui
520 448 644 504 restant
667 439 870 505 Terentianis
893 441 1038 505 versibus
1061 464 1119 506 cur
1143 442 1280 505 usitatus

168 544 246 609 ordo
269 545 434 628 neglectus
457 545 508 626 sit,
529 543 680 608 facillime
702 544 902 629 perspicitur,
923 544 971 607 ita
992 551 1028 607 ut
1048 545 1151 609 fusius
1174 545 1223 609 his
1240 544 1281 610 ds

167 647 245 711 locis
274 646 431 712 disserere
460 666 541 732 opus
568 668 633 710 non
655 644 812 710 videatur.
856 644 905 709 Ac
926 647 1064 731 primum
1085 647 1214 733 quidem
1238 648 1280 712 ob

169 748 293 839 logicas
320 751 462 814 rationes
484 750 503 813 i.
527 771 552 814 e.
576 749 726 834 quoniam
749 749 918 833 praemissi
939 752 1160 836 pronominum
1184 772 1281 815 casus

169 852 290 938 obliqui
312 851 488 939 respiciunt
510 873 557 930 ea,
580 871 662 934 quae
683 852 829 936 proxime
850 852 1054 933 antecedunt,
1075 851 1145 916 hice
1166 875 1281 916 versus

167 977 232 1019 non
253 953 409 1039 praebent
430 974 487 1016 cur
509 953 587 1038 quid
609 963 775 1019 mutemus.
1175 939 1179 946 ’

253 1056 355 1121 Andr.
379 1057 442 1122 215
465 1056 503 1142 (Ι,
524 1057 554 1133 3,
578 1057 647 1142 10);
952 1133 954 1138 ,

251 1157 305 1224 All
327 1158 520 1224 hadamuta
541 1157 606 1224 hou
627 1159 709 1224 miti·
720 1160 848 1237 accedet
868 1161 968 1224 etiam.

252 1262 357 1327 Multa
378 1263 491 1327 maiori
516 1263 548 1325 vi
571 1263 650 1327 mihi
671 1263 751 1328 haec
774 1263 859 1326 dicta
880 1259 1029 1326 videntur
1051 1283 1149 1346 quam
1165 1262 1193 1326 si
1207 1263 1283 1348 quis

169 1363 309 1429 seribere
338 1364 429 1430 malit
452 1366 525 1444 „Ae
550 1365 661 1430 issam
673 1366 731 1451 ³³),
762 1365 802 1430 de
829 1386 893 1449 qua
915 1366 1099 1430 coniectura
1121 1386 1200 1429 sane
1222 1386 1285 1451 per

169 1490 204 1531 se
226 1467 320 1531 facile
330 1469 371 1553 ³⁴)
395 1468 532 1552 cogitari
553 1474 666 1555 potest.

255 1570 299 1634 ib.
324 1569 465 1653 7991v‚
488 1571 519 1648 5,
540 1570 591 1655 4):

255 1671 341 1737 llius
363 1674 457 1738 morte
480 1689 522 1738 eu
543 1675 587 1738 ad
607 1699 654 1740 rue
676 1675 739 1760 depe
760 1675 918 1738 redserstnt
938 1673 1027 1738 bono.

254 1775 297 1840 ib.
320 1776 382 1840 918
405 1777 458 1861 (V,
479 1777 508 1858 4,
533 1777 602 1863 15):

254 1881 305 1943 Ni
330 1892 460 1944 metuam
485 1894 608 1966 patrem
639 1882 731 1946 tabeo
753 1894 819 1962 pro
844 1879 908 1944 illa
932 1903 966 1944 re
990 1877 1093 1943 illum
1114 1870 1199 1964 quod
1220 1905 1287 1947 mo·

373 1987 461 2047 aerim
481 1985 584 2069 probe.

253 2084 337 2149 Eun.
360 2086 380 2149 3
404 2086 526 2173 (prol.):

254 2186 298 2251 In
320 2185 378 2251 his
394 2202 488 2273 poeta
509 2187 568 2252 hio
590 2188 696 2252 nomen
715 2188 879 2271 profitenti·
898 2210 994 2252 autom.

255 2290 353 2356 Haut.
377 2291 440 2356 600
460 2313 507 2376 sq.
529 2289 605 2374 (ΙΙΙ,
628 2292 657 2370 3,
679 2290 720 2354 39
744 2289 817 2375 sq.):

671 2393 737 2474 fuit
757 2393 909 2477 quaedam
931 2415 1013 2455 arina
1040 2392 1199 2459 mortim

257 2495 336 2560 He.-
367 2495 451 2560 hule
489 2496 731 2561 drachumarm
767 2495 854 2561 hudo
889 2498 1013 2580 arpenti
1046 2497 1127 2561 mille
1157 2497 1290 2562 dederat

377 2604 522 2665 mutuom.

258 2701 311 2766 Sic
341 2723 398 2766 cur
426 2702 601 2790 Umpfsu,
628 2703 683 2786 qui
713 2702 832 2787 alioqui
860 2701 1100 2786 religiosissime
1131 2700 1287 2766 Bembini

171 2805 310 2888 vestigia
332 2807 484 2892 sequitur,
506 2827 578 2870 cum
601 2805 691 2870 libris
706 2827 747 2868 ex
763 2804 913 2890 Calliopii
927 2807 1113 2870 recensione
1128 2804 1287 2870 derivatis
1339 2860 1340 2865 ,

172 2910 351 2994 scripserit,
382 2909 530 2996 equidem
551 2931 615 2973 non
636 2907 785 2992 intellego
808 2929 943 2992 cumque
966 2910 1011 2973 eis
1034 2909 1132 2990 facio,
1155 2909 1210 2993 qui
1232 2922 1284 2975 se·-

172 3012 312 3076 cundum
333 3012 484 3077 Bembini
507 3012 729 3075 auctoritatem
750 3009 829 3074 illud
850 3012 958 3093 „Hr'c“
980 3013 1013 3074 in
1035 3012 1126 3079 initio
1150 3013 1286 3081 alterius

172 3136 286 3179 versus
309 3117 491 3179 omittentes
514 3113 595 3178 haec
616 3113 816 3200 praeferunt:

241 3371 287 3442 33)
306 3373 376 3426 hanc
400 3373 516 3426 formam
538 3389 589 3444 pro
608 3372 716 3443 vulgari
743 3372 833 3441 ‚ptra“
856 3374 963 3443 saepius
981 3391 1025 3443 ap.
1043 3375 1149 3443 scriptt.
1166 3374 1227 3430 lstt.
1244 3376 1289 3431 in·

173 3459 262 3512 veniri
279 3459 409 3529 exemplis
428 3459 493 3513 satis
507 3476 642 3529 superque
659 3462 803 3516 confirmat
814 3461 892 3516 Neue
906 3461 923 3515 l.
935 3462 952 3516 l.
965 3461 1006 3514 11²
1017 3479 1044 3531 p.
1058 3463 1121 3527 2123
1135 3479 1150 3516 e
1162 3462 1288 3518 Terentii

177 3544 275 3599 fabulis
293 3545 347 3600 huc
364 3545 506 3615 pertinent
522 3546 605 3601 Andr.
624 3549 686 3609 9213
705 3549 812 3605 Phorm.
833 3551 877 3611 773
896 3549 945 3603 Ad.
964 3550 1023 3605 275.

242 3631 289 3701 34)
307 3633 340 3686 cf.
360 3649 431 3701 quae
449 3633 528 3688 modo
545 3635 619 3688 dicta
637 3636 703 3688 sunt
718 3635 752 3689 de
770 3636 818 3689 Ad.
837 3637 897 3691 967.

243 3718 287 3782 35)
305 3719 401 3787 priorr.
424 3737 532 3790 quoque
554 3721 613 3776 edd.
635 3721 771 3790 incipiunt
788 3738 899 3777 versum
923 3725 972 3780 601
998 3724 1129 3780 avocula
1147 3724 1236 3791 „Her
1254 3729 1286 3781 et

172 3822 260 3876 nuper
285 3806 374 3861 denuo
396 3806 559 3862 Conradtius
587 3808 605 3862 l.
630 3808 646 3862 l.
671 3826 696 3876 p.
721 3809 754 3863 67
778 3810 828 3864 hoc
850 3809 921 3867 loco.
945 3813 978 3865 ut
1000 3811 1115 3865 similem
1140 3813 1285 3881 quandam

172 3893 376 3948 collocationem
400 3894 429 3947 in
451 3895 565 3964 Adelph.
588 3913 631 3949 vv.
655 3895 704 3950 331
731 3914 770 3964 sq.
796 3898 980 3963 sustentaret,
1003 3898 1126 3966 exemplo
1148 3916 1213 3954 usus
1231 3905 1283 3967 ast,

172 3978 219 4032 sed
241 3978 326 4034 nihilo
350 3979 432 4034 setius
455 3981 499 4035 hic
521 3983 593 4037 idem
617 4000 642 4038 v.
661 3983 686 4036 d.
705 3983 822 4038 maxime
840 3999 897 4038 esse
914 3988 1071 4056 suspectum
1088 3985 1168 4043 huius
1184 4004 1284 4044 versus

172 4065 281 4122 initium
299 4067 429 4124 concedit.
