2910 4642
659 269 869 341 46..

293 446 399 528 Quam
439 448 632 534 scripturam
670 455 707 511 ut
739 467 919 535 proponam
951 467 1015 510 non
1045 445 1147 510 solnm
1175 445 1322 510 codicum

206 551 334 615 indiciis
345 552 389 637 1⁸)
404 608 407 613 4
424 571 643 630 commoveor,
670 571 782 615 verum
812 551 909 615 etiam
938 549 1037 614 alind*
1054 548 1206 614 accedere
1234 558 1322 635 puto,

208 676 272 741 quo
302 655 425 719 nitatur
455 653 615 719 sententia
636 675 723 720 mea:
748 674 855 719 nonne
877 653 998 739 optime
1018 651 1200 717 Menedemi
1221 651 1325 717 verba

209 758 277 838 ‚tlte
301 771 369 823 tuos
381 756 690 843 Syms‘brespiciunt
702 754 882 821 Chremetis
896 756 1178 839 interrogationem
1191 755 1233 841 (v.
1246 755 1324 840 896)

208 862 304 945 „quid
336 859 438 946 Syrus
467 859 591 925 meae?“
623 858 790 925 Postremo
829 858 986 924 eiusmodi
1020 856 1192 923 verborum
1226 856 1323 923 collo·

208 963 351 1028 cationes
372 963 462 1028 velut
475 975 562 1041 „tuoe
576 967 676 1027 ιιιονηιι
691 970 890 1047 quantopere
905 969 1019 1047 poetae
1034 961 1147 1026 comici
1162 960 1324 1038 adamant,

210 1087 309 1153 supra
332 1063 462 1152 saepius
483 1065 632 1131 vidimus.

294 1169 327 1254 3)
350 1169 412 1232 Ad.
435 1167 498 1233 599
521 1166 592 1253 (IV,
615 1167 644 1250 3,
667 1167 717 1252 8):
1399 1232 1402 1239 .

294 1273 396 1356 Atque
416 1269 529 1336 istaec
550 1266 685 1350 eudem,
707 1276 790 1354 quad
809 1269 888 1334 maba'
907 1270 993 1336 dica
1013 1274 1074 1335 tcta
1088 1271 1178 1336 dicae
1192 1269 1324 1337 mulieri.

294 1373 392 1438 Hunc
412 1373 518 1439 locum
539 1373 604 1436 iam
619 1371 739 1439 Ritsch.
762 1371 794 1458 (l.
816 1371 835 1436 l.
856 1395 885 1458 p.
902 1373 979 1458 418)
994 1372 1106 1438 laudet
1120 1375 1205 1439 inter
1218 1395 1326 1460 panca

210 1499 294 1563 quae
317 1486 446 1542 exstant
466 1475 618 1541 contrarii
641 1476 768 1558 generis
790 1474 945 1560 exempla,
969 1475 1024 1541 sed
1046 1497 1150 1562 neque
1165 1478 1325 1564 quomodo

211 1583 359 1646 excusari
381 1582 485 1666 possit
504 1581 677 1644 inusitatus
699 1580 925 1665 pronominum
948 1578 1026 1644 ordo
1046 1601 1150 1666 neque
1165 1579 1325 1666 quomodo

210 1684 332 1750 tradita
353 1683 455 1748 verba
482 1683 644 1748 immutari
666 1681 744 1746 velit
765 1680 941 1768 quidquam
963 1681 1063 1747 addit
1108 1683 1152 1748 Et
1173 1684 1325 1770 quoniam

211 1787 356 1874 proiecto
380 1807 480 1851 causa
501 1787 640 1850 inveniri
661 1785 719 1850 vix
741 1785 867 1870 poterit,
890 1807 947 1849 cur
960 1795 1089 1872 poetam
1104 1786 1166 1852 hoc
1180 1788 1213 1852 in
1227 1807 1326 1852 versu

213 1890 398 1955 sollemnem
420 1889 646 1976 pronominum
670 1886 912 1953 collocationem
933 1890 1107 1956 violavisse
1125 1890 1327 1972 arbitremur,

213 1993 303 2058 haud
327 1992 418 2057 aliter
440 1991 518 2057 mihi
533 1991 677 2057 Terentii
691 1993 793 2057 verba
815 1993 924 2057 sanari
945 2014 1040 2080 posse
1056 1994 1214 2077 videntur,
1229 2014 1327 2079 quam

213 2104 249 2161 ut
286 2104 468 2160 statuamus
502 2095 595 2160 initio
628 2117 740 2160 vocem
776 2094 915 2181 aliquam
949 2098 1057 2161 nescio
1090 2119 1132 2161 an
1166 2106 1328 2162 structura

214 2201 415 2264 coniunctam
446 2219 518 2262 cum
555 2199 743 2283 pronomine
771 2199 900 2278 „intaed‘
928 2199 1127 2266 intercidisse
1158 2209 1191 2265 et
1213 2200 1329 2265 deinde

215 2325 235 2366 a
261 2301 393 2366 librario
421 2300 568 2387 quodam,
590 2309 626 2365 ut
647 2298 764 2364 lacuna
786 2298 969 2386 expleretur
989 2304 1170 2391 iustumque
1192 2313 1329 2368 metrum

215 2404 409 2483 efficeretur,
438 2403 519 2469 i'also
548 2402 618 2468 loco
650 2401 795 2468 additum
826 2425 896 2469 esse
917 2427 1094 2491 pronomen
1115 2408 1329 2494 ‚,eadem“²⁰);

215 2508 325 2595 itaque
348 2527 419 2572 meo
441 2507 559 2572 iudicio
582 2508 629 2571 sio
650 2507 717 2572 iere
738 2506 909 2571 Terentius
931 2508 1070 2574 scribere
1092 2512 1213 2596 potuit:

300 2597 409 2695 Atque*
429 2611 533 2675 omnio
559 2613 668 2689 antaee,
698 2614 781 2696 quae
808 2610 887 2675 mebi
914 2612 997 2677 diroti
1017 2617 1077 2678 trita
1098 2615 1187 2679 dicae
1208 2613 1333 2680 molani

301 2713 418 2779 Totam
453 2713 538 2778 hanc
569 2716 652 2779 viam
690 2713 901 2794 emendandi,
934 2736 1030 2802 quam
1057 2717 1220 2799 ingressus
1250 2739 1333 2800 sum,

217 2819 366 2904 quamvis
396 2816 484 2882 haud
512 2817 559 2881 ita
587 2816 787 2904 probabilem
809 2838 880 2881 esse
901 2819 970 2904 ipse
992 2820 1145 2900 sentiam,
1167 2829 1274 2884 tamen
1296 2820 1330 2885 in

217 2943 257 2984 ea
279 2920 458 3006 acquiesco,
480 2941 556 2983 nam
575 2919 734 3006 quomodo
750 2919 875 2985 facilius
891 2921 1041 2987 vitiosum
1057 2923 1201 2989 ordinem
1214 2921 1331 3004 „huon

218 3023 366 3089 eadem“
388 3021 704 3106 tollam,‘admodum
728 3024 869 3088 incertus
892 3046 961 3090 snm
984 3047 1087 3114 neque
1103 3026 1215 3092 melius
1236 3027 1329 3115 quid-

217 3149 314 3216 quam
335 3125 439 3192 adhuc
461 3125 623 3210 indagavi.

302 3315 343 3379 In
364 3316 562 3402 pronominis
584 3317 688 3400 „spnd‘
709 3314 932 3397 collocatione,
954 3317 993 3381 de
1016 3340 1080 3404 qua
1102 3317 1259 3405 reliquum
1281 3327 1333 3383 est

218 3428 255 3485 ut
275 3441 421 3503 agamus,
443 3441 573 3506 prorsus
595 3419 790 3484 contrariam
812 3418 915 3504 legem
931 3420 1100 3486 Terentius
1117 3431 1243 3488 secutus
1259 3445 1332 3487 esse
1377 3477 1379 3481 ,

218 3523 345 3587 videtur
374 3532 470 3608 atquc
499 3523 533 3587 in
562 3520 711 3608 ponendo
738 3524 928 3607 pronomine
954 3527 1078 3604 „adema
1136 3525 1331 3613 Plerumque

220 3627 304 3690 enim
332 3625 363 3691 si
385 3640 582 3708 pronomen
603 3623 732 3707 „ipseo
755 3625 939 3692 structura
955 3627 1180 3694 coniunctum
1195 3628 1331 3696 inveni·

289 3814 331 3881 19)
349 3813 453 3868 rnen
471 3818 493 3868 A
512 3831 576 3868 oum
595 3813 690 3880 nura
711 3818 809 3884 „aar
827 3791 959 3871 nonni.

288 3903 334 3971 20)
352 3902 403 3956 hoc
420 3916 585 3971 pronomen,
603 3904 701 3972 utpote
719 3903 793 3972 qnod
809 3904 846 3957 ad
863 3921 950 3957 unum
969 3919 1062 3959 omnes
1081 3904 1155 3959 codd.
1175 3905 1331 3971 exhibeant,

217 3987 274 4042 iam
297 3989 407 4043 mature
431 3989 461 4042 in
484 3990 644 4047 contextum
662 3989 807 4057 verborum
824 3990 1054 4047 Terentianorum
1071 3991 1192 4062 irrepere
1207 3991 1334 4050 debuisse

217 4079 340 4150 apparet.
