2910 4642
208 1182 352 1293 Comieis
374 1229 477 1316 poetis
492 1229 708 1294 Romanorum
729 1231 910 1316 quicunque
925 1229 986 1292 viri
1002 1228 1086 1294 docti
1103 1252 1233 1314 operam

121 1351 282 1406 naverunt
310 1340 368 1404 hos
398 1342 463 1404 iam
493 1341 659 1425 permultis
689 1341 808 1404 abhinc
834 1340 928 1405 annis
951 1340 1029 1404 illud
1053 1341 1172 1407 vidisse
1194 1365 1235 1406 ex

121 1449 264 1532 ipsorum
302 1446 540 1509 commentariis
574 1444 788 1529 intellegimus
818 1465 922 1530 neque
952 1443 1103 1508 Plautum
1130 1466 1234 1530 neque

123 1549 308 1614 Terentium
332 1547 459 1632 singula
480 1547 583 1612 verba
605 1549 688 1612 sicut
710 1570 744 1612 se
766 1545 951 1612 obtulerunt
965 1547 1061 1611 modo
1079 1548 1125 1612 sic
1139 1548 1233 1613 modo

124 1655 170 1716 sie
199 1650 406 1715 collocavisse
441 1650 496 1714 sed
530 1651 642 1714 eadem
672 1649 789 1729 verba,
827 1651 854 1713 si
883 1649 1011 1736 saepius
1038 1658 1235 1735 repetuntur,

123 1754 311 1841 plerumque
332 1752 384 1817 vel
407 1775 532 1840 semper
547 1753 660 1818 eodem
675 1753 786 1817 ordine
801 1773 965 1816 recurrere
981 1750 1093 1819 solere.
1123 1753 1234 1840 Neque

125 1860 240 1922 mirum
262 1856 423 1920 videbitur
443 1857 548 1942 ipsum
564 1854 743 1921 Bentleium
766 1877 894 1942 quoque
908 1857 942 1919 in
957 1856 1123 1921 notissima
1139 1879 1235 1943 quam

124 1962 262 2025 instituit
276 1960 414 2025 editione
427 1959 569 2024 Terentii
583 1956 637 2024 hie
650 1957 714 2023 illic
728 1958 884 2024 rationem
901 1958 1053 2024 habuisse
1065 1960 1235 2025 verborum

125 2064 352 2130 collocationis.
405 2063 469 2128 Sed
491 2061 552 2128 hoc
574 2070 610 2127 ut
632 2064 739 2127 statim
762 2084 953 2144 asseverem,
976 2063 1155 2128 cavendum
1178 2073 1236 2146 est,

126 2191 167 2233 ne
195 2167 297 2232 multa
327 2167 368 2230 ab
399 2166 462 2231 illis
492 2165 652 2253 prioribus
679 2167 715 2230 in
744 2164 794 2228 his
827 2165 940 2229 studiis
961 2167 1026 2230 iam
1050 2166 1091 2230 ad
1114 2175 1235 2232 certum

125 2272 220 2336 finem
251 2270 406 2358 perducta
436 2291 583 2348 censeas,
615 2267 648 2331 id
678 2267 765 2353 quod
795 2291 831 2333 eo
853 2267 1004 2333 libentius
1026 2271 1104 2334 mihi
1125 2293 1236 2336 conce·

124 2376 190 2451 des,
214 2375 240 2439 si
263 2394 387 2437 mecum
403 2411 444 2420 —
461 2380 496 2435 ut
518 2370 629 2436 eodem
651 2371 797 2436 Bentleio
821 2379 894 2435 utar
916 2370 1117 2458 exemplo-
1134 2396 1238 2460 pauca

125 2477 285 2563 quaedam
307 2499 347 2541 ex
364 2477 409 2539 eis
424 2472 676 2561 perlustraveris,
699 2494 782 2559 quae
798 2473 876 2538 mihi
890 2477 959 2540 eius
974 2479 1238 2542 commentarium

123 2582 322 2666 percurrenti
344 2579 472 2645 obviam
494 2577 628 2641 fiebant:
657 2575 710 2639 Ad
733 2576 884 2641 Eunuchi
906 2601 936 2640 v.
960 2580 1023 2643 193
1044 2580 1085 2664 (l,
1107 2581 1137 2663 2,
1163 2582 1238 2667 113)

123 2685 204 2748 haec
243 2684 391 2749 adnotat:
427 2679 529 2763 „Dies
563 2679 768 2760 noctesque.
826 2681 948 2745 Mutato
983 2683 1091 2748 ordine
1118 2685 1239 2748 numeri

123 2789 262 2852 melinae
281 2789 361 2865 fiant
381 2785 507 2852 Noctes
529 2782 686 2865 diesque.
735 2786 838 2870 Atque
858 2784 913 2848 hoe
934 2784 1129 2870 frequentare
1150 2809 1180 2852 v.
1197 2787 1238 2869 V,

126 2891 156 2971 8,
171 2890 213 2953 49
229 2898 261 2954 et
276 2889 378 2955 Andr.
395 2889 450 2968 IV,
474 2892 502 2970 1,
525 2889 595 2954 525⁶
631 2887 753 2952 Neuter
768 2895 876 2951 autem
891 2886 981 2952 locus
996 2889 1074 2952 satis
1090 2889 1236 2974 quadrat,

124 3013 199 3055 nam
229 2989 276 3054 ibi
304 2990 422 3075 legitur
449 2991 565 3058 noctis
594 2990 631 3055 ct
657 2990 751 3072 ‹li083
780 2992 993 3056 recentiorum
1022 2992 1121 3075 igitur
1143 3015 1236 3059 nemo

122 3095 258 3162 lectione
298 3116 381 3180 quae
419 3094 558 3160 traditur
596 3101 780 3187 contempta
808 3093 988 3159 Bentleium
1019 3106 1147 3160 secutus
1179 3107 1235 3163 est

124 3198 261 3280 Accedit
282 3197 369 3285 quod
390 3199 440 3262 vir
462 3197 514 3261 ille
536 3220 678 3263 summus
701 3217 797 3283 saepe
810 3199 834 3283 ¹)
853 3205 909 3261 'sat
930 3196 1043 3262 habuit
1064 3197 1236 3264 observata

124 3302 315 3369 brevissime
352 3323 472 3387 ponere
508 3304 612 3387 magis
650 3323 747 3390 quam
785 3299 1005 3386 exemplorum
1034 3301 1236 3367 multitudine

124 3405 263 3470 firmare.
308 3407 381 3488 Quo
405 3405 527 3470 factum
549 3415 597 3470 est
619 3418 654 3471 ut
676 3405 771 3469 huius
787 3404 915 3468 demum
931 3403 1050 3468 saeculi
1065 3405 1126 3468 viri
1141 3406 1237 3490 docti,

125 3518 295 3594 postquam
333 3511 437 3593 magis
468 3510 636 3595 magisque
665 3508 708 3573 ad
737 3506 908 3572 verborum
938 3507 1082 3571 ordinem
1112 3510 1235 3574 animos

124 3611 345 3695 intenderunt,
382 3623 487 3678 certas
521 3611 679 3701 quasdam
714 3631 844 3676 normas
874 3609 935 3672 hac
964 3611 997 3673 in
1027 3632 1062 3674 re
1085 3633 1105 3674 a
1133 3615 1236 3697 poetis

124 3715 256 3779 comicis
285 3714 449 3782 observari
479 3716 540 3780 sibi
567 3716 799 3802 persuaderent
828 3734 931 3798 neque
961 3715 1056 3798 pauci
1077 3712 1139 3779 loci
1160 3715 1236 3780 inde

28 3849 33 3877 c
120 3814 338 3902 ›aRitscheliq
358 3822 548 3908 sospitatore
559 3819 612 3884 illo
624 3819 740 3902 Plauti,
759 3814 944 3881 huiusmodi
956 3813 1235 3883 observationibus

193 4060 219 4130 ι)
238 4076 260 4115 e.
279 4078 306 4130 g.
325 4059 359 4114 ef.
379 4059 484 4113 aunon.
503 4060 539 4113 ae
562 4060 625 4114 nec.
643 4057 678 4124 11,
699 4059 722 4123 1,
737 4059 771 4112 33
788 4055 861 4126 (230)
879 4057 908 4110 er
925 4054 960 4121 n,
979 4056 1056 4195 alre
1075 4056 1156 4128 (261).
