2910 4642
619 272 828 336 ..30..

628 495 747 594 Caput
772 497 819 571 Π.

252 625 290 690 In
313 625 373 691 hoc
395 627 516 713 capite,
539 629 625 714 quod
648 636 699 692 est
721 628 760 694 de
783 631 828 694 eis
851 629 1035 710 enuntiatis,
1058 629 1113 693 ubi
1136 628 1279 692 eiusdem

167 730 365 815 pronominis
391 765 429 776 -
453 741 582 817 practer
603 734 794 818 pronomina
816 733 999 818 personalia
1014 770 1056 780 -
1071 738 1201 797 exstant
1216 729 1281 794 duo

168 853 272 915 casus,
294 833 492 918 aptissimum
516 834 644 898 videtur
665 836 823 921 proficisci
846 857 865 898 a
887 834 1130 921 pronominibus
1152 855 1279 921 posses·

168 935 253 1001 sivis.
311 934 353 998 Et
382 935 416 998 in
452 933 513 1001 hoo
543 958 669 1023 quoque
696 939 921 1024 pronominum
949 961 1068 1022 genere
1095 937 1282 1022 usurpando

167 1038 351 1102 Terentium
389 1039 519 1103 easdem
556 1061 636 1126 quas
673 1041 706 1104 in
744 1042 952 1106 antecedente
982 1043 1086 1128 capite
1115 1043 1283 1126 posuimus

167 1140 211 1227 (v.
235 1164 332 1228 supra
360 1166 414 1228 pp.
437 1143 457 1207 3
480 1150 512 1207 et
535 1143 588 1225 15)
621 1166 750 1209 normas
781 1155 926 1209 secutum
952 1167 1023 1209 esse
1045 1145 1096 1210 vel
1118 1143 1204 1208 hisce
1226 1166 1283 1208 ex·

168 1245 281 1332 emplis
304 1244 409 1309 allatis
434 1245 722 1312 demonstrabitur:

253 1349 355 1412 Andr.
378 1348 441 1413 296
463 1347 501 1433 (Ι,
522 1349 553 1431 5,
576 1349 649 1435 61):

254 1454 347 1516 Bono
368 1450 493 1516 ndstra
514 1451 589 1516 duee
609 1453 669 1517 aba
681 1457 827 1537 permitto
847 1467 876 1518 et
895 1452 978 1519 tuno
1000 1454 1117 1519 mando
1134 1456 1204 1532 fide.

253 1555 404 1619 Formam
427 1554 620 1641 bisyllabam
644 1557 750 1637 „fidat
772 1577 855 1641 quae
878 1579 955 1621 sane
978 1566 1009 1621 et
1031 1555 1083 1622 hic
1105 1567 1136 1622 et
1155 1555 1282 1622 duobus

167 1658 317 1724 Eunuchi
340 1657 417 1723 locis
432 1658 480 1742 (in
500 1680 550 1726 vv.
565 1659 629 1724 886
644 1666 677 1722 et
691 1659 767 1744 898)
782 1659 955 1743 flagitatur,
970 1662 1148 1726 rectissime
1164 1659 1282 1725 Fleck-

168 1762 345 1847 eisenum1)
368 1761 418 1825 vel
440 1761 549 1824 invitis
571 1760 661 1827 libris
683 1765 842 1849 recepisse
864 1762 1003 1827 arbitror

187 1904 190 1909 ·
251 1865 293 1932 ib.
316 1867 379 1931 534
402 1886 448 1950 sq.
471 1863 639 1949 (111‚3,2
663 1867 737 1951 sq.):

252 1969 381 2053 Aliquot
409 1992 456 2032 mc
484 1968 646 2048 adserunt,
675 1975 714 2032 dc
740 1983 767 2034 tc
793 1971 937 2035 auditum
959 1969 1014 2054 qui
1039 1969 1162 2048 amant,
1190 1967 1283 2033 laodic

373 2071 485 2154 filiam

166 2172 279 2240 ileum
300 2176 413 2240 addere
433 2175 495 2239 luo
515 2179 616 2258 quattu.

251 2277 292 2343 ib.
316 2279 378 2342 969
400 2277 454 2362 (V,
477 2279 507 2358 6,
529 2279 579 2362 5):

257 2376 435 2466 Glycerium
456 2396 537 2445 mea
560 2378 643 2445 sutis
662 2393 807 2466 parentes
828 2381 974 2465 copperit.

254 2483 349 2548 Hanc
375 2484 524 2548 Bembini
555 2487 744 2570 scripturam
774 2506 831 2548 our
860 2505 931 2548 cum
960 2482 1217 2570 Umplenbaohio
1247 2492 1282 2549 et

170 2586 340 2675 Spengelio
365 2587 546 2673 praeferam
569 2586 763 2673 reliquorum
785 2587 938 2651 librorum

252 2689 329 2756 lllda
354 2692 529 2777 Glycerium
552 2689 634 2754 sutis
653 2703 798 2776 parentes
818 2690 955 2774 rdppcro't
973 2690 999 2774 ²)

253 2797 331 2858 satis
366 2795 517 2876 cognosci
554 2803 659 2881 potest
694 2816 735 2858 cx
763 2795 809 2857 cis
841 2815 924 2879 quae
954 2814 1052 2879 supra
1081 2793 1126 2877 (p.
1151 2793 1189 2857 11
1214 2793 1277 2877 sq.)

168 2898 208 2962 dc
230 2899 373 2962 eiusdem
394 2896 524 2962 fabulae
546 2919 641 2961 versu
665 2899 727 2963 978
750 2896 992 2982 disputavimus.

253 3000 351 3080 Haut.
374 3001 434 3065 111
460 3022 505 3086 sq.
529 2999 599 3084 (lV,
622 3004 652 3084 3,
676 3001 718 3064 33
741 3000 816 3086 sq.):

816 3114 859 3180 ut,
881 3125 951 3165 cum
972 3105 1080 3165 narret
1099 3124 1192 3166 aenea

167 3205 300 3273 Vdsler
322 3206 447 3272 nostro
469 3230 533 3271 esse
554 3212 649 3273 istam
671 3208 804 3270 amabam
824 3205 928 3289 quoti,
958 3229 1021 3270 nou
1042 3205 1147 3269 aedat
1169 3217 1278 3268 tumen.

251 3312 295 3377 ib.
319 3312 401 3376 1025
422 3309 476 3395 (V,
496 3311 526 3389 4,
548 3310 599 3393 2):

374 3414 477 3478 dactus
497 3412 595 3495 filius
617 3412 697 3477 tuos
719 3411 842 3477 vdslra
863 3411 1037 3475 voluntate:
1058 3410 1187 3474 obscero.

255 3519 309 3583 Sic
328 3526 422 3586 ,recte
451 3514 562 3599 legunt
589 3537 670 3580 rece.
694 3514 765 3580 cdd.
789 3536 861 3578 cum
885 3514 953 3578 cod.
976 3512 1143 3593 Bembino,
1164 3514 1277 3601 priorr.

168 3631 293 3688 ceteros
316 3620 414 3686 libros
438 3620 538 3683 secuti
560 3618 713 3683 exhibent
734 3617 836 3701 „tuos
858 3618 921 3683 lua
941 3617 1123 3682 solomano

238 3829 265 3897 1)
280 3827 310 3880 in
326 3825 444 3881 Andriae
466 3841 546 3878 versu
570 3825 685 3878 eandem
708 3821 831 3892 agnoscit
852 3820 969 3876 formam
989 3820 1159 3892 Spengelius3
1181 3822 1278 3875 contra

168 3919 196 3972 et
214 3916 309 3986 priorr.
328 3917 356 3968 et
374 3913 406 3967 U.
424 3911 512 3967 tribus
529 3911 582 3966 illis
600 3911 664 3965 locis
683 3927 746 3963 oum
765 3909 839 3963 codd.
858 3908 991 3978 praebent
1011 3909 1120 3976 „rtdei.“

235 4004 263 4067 21
282 4003 353 4056 hanc
369 4000 523 4069 lectionem,
541 4015 626 4070 quam
644 3998 768 4053 Donatus
780 4011 889 4064 quoqne
902 3994 1011 4049 exhibet
1022 3993 1052 4049 in
1063 3996 1201 4063 lemmate,
1219 4009 1276 4047 am-

166 4089 240 4160 plexi
255 4091 321 4145 sunt
337 4082 426 4144 Bentl.
445 4090 473 4142 et
490 4087 529 4143 m.
