2910 4642
642 241 856 304 ..14-

194 407 337 494 plerique
369 409 586 487 consentiunt,
616 412 694 475 satis
721 409 899 478 infeliciter.
948 411 1035 492 Quin
1064 411 1159 475 etiam
1191 413 1266 478 inde
1288 436 1308 477 a

193 512 321 598 Guyeto
360 511 505 577 homines
535 512 635 594 docti,
664 522 700 578 ut
729 513 852 579 hiatum
884 514 1059 588 evitarent,
1091 515 1136 578 sic
1164 515 1308 580 ordinem

191 616 363 680 verborum
388 624 609 680 mutaverunt:

280 717 409 803 Utrique
429 717 466 781 id
486 741 538 782 oro
561 731 588 782 tc
610 716 821 784 incommune
842 731 877 782 ut
897 719 1050 784 emuntur.

276 822 396 887 Perse
419 843 496 885 sane
518 820 599 885 haec
620 822 826 908 transpositio
848 820 1012 886 lenissima
1035 832 1091 902 est,
1115 821 1172 886 sed
1194 844 1308 887 vereor

190 950 230 992 ne
252 925 393 990 Rittcrus
422 934 507 988 recte
538 923 758 990 observaverit
787 923 850 987 dici
884 924 986 990 solere
1018 938 1066 1006 „te
1095 926 1219 1012 orum)
1242 949 1310 991 non

188 1053 259 1111 „oro
280 1032 334 1103 tc“,
362 1027 394 1091 id
424 1025 510 1113 quod
541 1028 639 1092 etiam
660 1026 926 1113 Ribbeckium⁴⁹)
947 1029 1087 1093 movisse
1109 1029 1248 1109 videtur,
1270 1039 1306 1093 ut

188 1131 358 1216 Pomponii
380 1153 410 1195 v.
434 1131 472 1195 61
498 1141 610 1195 contra
631 1130 731 1195 libros
755 1131 891 1217 scriptos
902 1133 944 1217 ⁵⁰)
968 1133 1014 1196 sic
1035 1130 1244 1196 rescriberet:

397 1246 424 1296 te
446 1256 508 1315 oro,
530 1240 615 1310 vdeo,
633 1257 694 1319 per
716 1232 814 1298 lactes
836 1246 917 1302 tuas.
960 1269 962 1273 ·

277 1334 365 1400 ldem
386 1336 558 1403 verborum
581 1337 660 1402 ordo
682 1334 765 1400 redit
787 1337 820 1400 in
842 1335 982 1422 Turpilii
1002 1358 1032 1401 v.
1056 1336 1114 1400 211
1130 1339 1190 1420 ⁶¹):

272 1437 340 1503 Hoc
361 1452 388 1504 tc
409 1463 471 1506 oro.

272 1541 365 1623 Quae
394 1565 467 1608 cum
488 1545 535 1609 ita
558 1545 629 1622 sint,
653 1541 693 1606 de
715 1541 835 1606 tradita
856 1539 1068 1607 collocatione
1090 1542 1188 1607 nolim
1211 1543 1302 1629 quid·

182 1660 285 1729 ¹quam
321 1647 439 1711 mutari
476 1656 573 1733 atque
611 1645 765 1731 quoniam
792 1643 879 1709 facili
908 1647 1038 1730 negotio
1069 1644 1149 1709 haec
1169 1648 1300 1716 ,servari

190 1756 307 1833 potest,
330 1749 386 1812 vix
407 1747 518 1814 dubito
541 1750 617 1835 quin
639 1758 735 1835 poeta
758 1749 804 1812 sic
826 1749 1006 1835 scripserit:
1144 1731 1209 1800 ''bs'‘

279 1847 404 1935 Utrique
425 1853 461 1917 id
482 1868 548 1932 ego
569 1852 606 1916 tc
629 1875 681 1916 oro
703 1857 738 1915 in
759 1874 915 1916 cornmune
935 1865 969 1915 ut
990 1851 1143 1917 cdnsulus.

270 1954 424 2019 Formam
446 1963 555 2020 autem
570 1953 754 2018 Plautinum
776 1956 861 2033 „uu
884 1954 997 2039 siquis
1013 1953 1100 2039 apud
1116 1955 1302 2019 Terentium
1411 2029 1414 2034 ,

187 2077 313 2142 quoque
345 2059 481 2122 inveniri
517 2057 710 2140 arbitretur,
733 2079 805 2120 eum
828 2057 931 2122 lenius
952 2079 1050 2143 quam
1071 2061 1189 2123 rectius
1211 2058 1298 2124 hunc

189 2181 315 2224 versum
342 2162 388 2224 sic
412 2162 572 2247 corrigere
594 2182 783 2249 persuasum
806 2159 926 2225 habeo:

280 2264 405 2348 Utrique
426 2263 463 2328 id
484 2266 534 2329 ted
555 2287 608 2328 oro
629 2272 662 2330 tu
684 2287 842 2331 commuue
861 2277 897 2328 at
917 2262 1070 2329 consulas.

274 2363 343 2428 Iam
367 2367 394 2429 si
417 2375 618 2431 transeamus
642 2368 684 2433 ad
708 2390 763 2433 eos
779 2368 922 2432 Terentii
937 2366 1034 2449 locos,
1048 2365 1105 2431 ubi
1121 2368 1299 2432 accusativi

184 2469 410 2551 pronominum
422 2469 638 2556 personalium
650 2474 890 2556 coniunguntur·
899 2492 971 2534 cum
983 2470 1113 2555 reliquis
1125 2469 1299 2535 eorundem

183 2573 409 2656 pronominum
443 2573 573 2638 casibus
604 2575 759 2661 obliquis,
785 2573 881 2638 liceat
908 2572 987 2635 mihi
1016 2572 1051 2636 in
1080 2571 1297 2638 enumerando

183 2672 454 2760 comprehendere
477 2686 509 2740 et
531 2699 586 2742 eos
608 2699 730 2758 versus,
752 2676 808 2741 ubi
830 2676 1043 2754 accusativus,
1065 2676 1120 2760 qui
1137 2684 1185 2739 est
1201 2696 1297 2741 casus

183 2775 320 2840 subiecti
349 2778 382 2840 in
412 2782 650 2846 constructione
682 2781 858 2844 accusativi
889 2801 960 2842 cum
983 2778 1157 2857 infinitivo,
1179 2787 1212 2841 et
1234 2801 1297 2860 eos,

182 2879 238 2945 ubi
261 2883 473 2965 accusativus,
496 2885 551 2970 qui
565 2896 622 2949 est
644 2904 740 2949 casus
764 2881 887 2961 obiecti,
910 2892 986 2945 ante
1006 2879 1146 2964 reliquos
1168 2882 1298 2966 ponitur

183 3003 286 3050 casus.
331 2983 403 3065 Quo
434 2989 503 3050 iure
531 2986 728 3067 abstineam,
759 2986 837 3072 quin
867 2987 964 3050 etiam
994 2983 1067 3049 illos
1088 2982 1141 3047 hic
1164 2983 1297 3049 afferam

182 3109 303 3168 versus,
326 3089 359 3150 in
382 3087 499 3173 quibus
521 3092 723 3155 accusativos
745 3113 817 3171 „mu
839 3104 874 3167 te,
897 3112 938 3169 se,
959 3111 1025 3168 noo,
1039 3093 1110 3151 vus“
1125 3087 1153 3150 si
1168 3087 1297 3173 quidem

182 3201 257 3254 sunt
294 3190 386 3254 verbi
424 3191 591 3257 cuiusdam
627 3192 771 3259 reflexivi
810 3191 896 3278 quod
935 3189 1070 3264 dicitur,
1108 3190 1296 3256 conirmctos

181 3300 343 3356 structura
365 3292 465 3358 habes
488 3315 561 3358 cum
584 3295 714 3381 reliquis
734 3294 863 3360 casibus
879 3293 1025 3379 obliquis,
1043 3292 1120 3357 satis
1137 3314 1295 3379 superque

181 3398 403 3480 cognoscitur,
436 3398 462 3461 si
492 3398 576 3462 infra
606 3399 650 3485 (p.
678 3399 720 3464 24
742 3400 824 3485 sqq.)
848 3397 887 3462 de
909 3396 989 3462 locis
1012 3395 1074 3459 illis
1097 3417 1201 3460 sermo
1225 3397 1294 3460 erit.

268 3501 388 3565 Versus
410 3502 639 3584 Terentinum,
669 3503 724 3588 qui
753 3501 817 3568 huc
843 3507 990 3590 spectant
1011 3518 1212 3584 quorumque
1233 3520 1292 3562 nu·

179 3625 287 3667 merus
309 3603 396 3670 haud
418 3605 464 3668 ita
486 3626 623 3689 magnus
645 3616 703 3685 est,
725 3603 776 3670 hic
799 3605 915 3670 habes:

247 3790 292 3859 48)
310 3807 333 3846 e.
352 3809 378 3860 g.
396 3792 431 3846 cf.
450 3792 531 3847 huius
549 3793 657 3849 fabulae
675 3813 719 3850 vv.
743 3795 800 3850 190.
819 3795 877 3850 556.
896 3795 955 3851 595.

247 3878 295 3948 49)
312 3878 399 3934 Com.²
417 3897 444 3948 p.
463 3879 523 3935 234.

247 3965 293 4034 50)
311 3982 378 4034 „oro
396 3968 440 4019 tc“
459 3966 533 4022 codd.

248 4053 293 4120 51)
310 4053 390 4108 Ribb.
407 4053 424 4108 l.
442 4053 460 4107 l.
477 4073 502 4122 p.
524 4055 582 4111 110.
