2910 4642
622 285 838 350 ..66-

253 456 380 523 Phorm.
403 457 465 521 227
491 455 586 542 (1,4‚
609 457 651 521 49
675 457 750 544 sq.):

254 561 390 624 Memini
406 560 425 646 41,
447 554 535 638 Ἐνη,
555 582 639 623 acuo
660 556 776 640 ipsust
798 559 876 644 opus
897 572 958 635 eo,
981 571 1038 622 aut
1058 557 1167 642 etquid
1181 568 1286 641 potest

378 664 536 728 Melcorcet
556 661 722 726 callidiore.

255 761 346 827 Haec
374 762 473 849 vulgo
500 762 652 847 leguntur
673 766 707 827 in
730 762 803 831 edd.
825 773 993 848 postquam
1015 763 1163 827 Faernus
1186 759 1286 825 adno-

168 868 250 930 tavit
266 865 366 947 „Post
388 863 428 932 τὸ
453 890 533 955 opus
555 866 636 932 liber
652 865 878 950 Bembinusfl)
903 865 1001 930 habet
1020 864 1191 929 dictionem
1213 869 1286 943 ‚‚ea“

171 977 207 1032 ut
229 969 272 1033 sit
294 969 382 1054 „ipso
404 976 468 1048 ea“‚
490 971 536 1035 ita
559 971 643 1035 enim
668 967 781 1032 melius
804 968 950 1033 senarius
972 966 1145 1054 procedit.“

253 1069 353 1135 Recta
385 1082 458 1137 sunt
489 1073 570 1136 haec
592 1072 711 1136 Faerni
733 1071 849 1146 verba,
880 1071 937 1135 sed
960 1069 1136 1135 secundum
1158 1078 1206 1133 tot
1229 1091 1283 1134 ex·

169 1171 293 1259 empla,
323 1175 356 1236 in
388 1174 505 1261 quibus
535 1195 712 1260 pronomen
738 1174 838 1259 ‚,a'psc“
860 1183 934 1260 post
957 1173 1043 1238 aliud
1065 1193 1243 1260 pronomen
1265 1193 1286 1234 a

168 1285 266 1362 poeta
294 1277 372 1362 poni
403 1299 500 1363 supra
529 1276 685 1357 vidimus,
717 1276 865 1341 voculam
892 1281 964 1356 ‚‚ea“
994 1275 1057 1340 alio
1087 1275 1157 1340 ioco
1188 1282 1284 1362 atque

167 1378 202 1440 in
223 1376 255 1441 A
277 1387 310 1441 et
331 1378 364 1442 in
385 1378 508 1444 Donati
530 1378 679 1443 lemmate
701 1380 863 1443 invenitur
884 1379 919 1442 in
940 1378 1006 1444 rell.
1029 1377 1060 1442 ll.
1083 1376 1285 1442 intercidisse

167 1489 246 1565 puto
268 1480 365 1566 idque
387 1492 459 1568 post
480 1483 734 1547 interiectionem
756 1485 852 1562 „em“‚
876 1503 973 1568 quam
996 1503 1060 1545 non
1082 1481 1188 1545 minus
1209 1502 1284 1545 raro

169 1583 412 1669 pronominibus
447 1582 708 1650 demonstrativis
739 1605 836 1670 quam
875 1584 1052 1670 particulae
1081 1588 1199 1662 „nund‘
1229 1603 1284 1645 an-

169 1684 248 1750 teire
276 1695 446 1771 pernotum
475 1688 585 1771 est.⁴⁸)
608 1686 722 1773 Itaque
745 1687 792 1751 sic
813 1687 990 1752 rescribere
1011 1685 1217 1751 Phormionis
1239 1684 1283 1750 lo-

168 1809 240 1851 cum
263 1811 328 1852 non
352 1787 480 1853 dubito:
1281 1795 1284 1801 ’

255 1892 389 1956 Memini
401 1892 411 1974 ss
429 1882 499 1955 'Em
520 1907 563 1955 ea
582 1917 665 1957 nuuc
686 1891 800 1974 ipsust
822 1917 901 1978 opus
923 1905 979 1957 aut
998 1888 1106 1976 siquid
1124 1903 1225 1976 potest

247 1988 250 1993 ’
377 1993 504 2081 Meliore
525 2007 553 2058 et
573 1995 739 2062 collectiore.
1135 1990 1138 1995 ¹

257 2095 368 2182 Neque
397 2105 453 2159 aut
480 2095 513 2159 in
536 2095 639 2176 hiatu,
668 2101 724 2184 qui
745 2098 932 2185 saepissime
953 2098 987 2160 in
1010 2095 1168 2161 eiusmodi
1187 2096 1284 2159 inter·

167 2197 359 2262 iectionibus
390 2198 569 2263 admittitur
599 2211 655 2265 aut
683 2203 717 2264 in
748 2200 1032 2287 proceleusmatico
1062 2199 1220 2283 „Memini
1236 2203 1284 2262 em

168 2304 228 2366 δώ(
251 2322 444 2387 quemquam
467 2301 662 2366 offensurum
683 2314 769 2390 puto.
820 2303 905 2368 Nam
927 2313 1013 2368 certe
1034 2305 1068 2366 in
1089 2301 1174 2366 thesi
1195 2298 1284 2365 nullo

169 2412 266 2488 pacto
296 2402 396 2468 latere
426 2424 521 2488 posse
543 2405 734 2490 particulam
756 2404 1044 2471 demonstrativam
1065 2409 1150 2488 „em“
1171 2405 1281 2469 rectis·

171 2506 250 2570 sime
280 2505 408 2570 videtur
429 2505 621 2572 Ritschelius
645 2509 769 2596 (opusc.
790 2508 824 2574 II
845 2533 875 2596 p.
899 2509 962 2573 700
984 2509 1065 2595 sqq.)
1088 2508 1261 2578 monuisse.

239 2746 286 2816 47)
303 2732 351 2800 ΕᾹ
374 2748 413 2810 A,
439 2747 614 2816 expungebat
637 2764 706 2802 corr.
729 2763 792 2816 reo.;
822 2751 891 2816 ‚‚ca“
921 2764 1003 2802 cmm.
1029 2746 1198 2813 coensem
1218 2762 1283 2801 cum

169 2831 259 2899 prima
277 2833 403 2888 Bembini
420 2849 505 2887 manu
522 2834 658 2889 consentit
677 2833 745 2888 Don.
762 2834 792 2889 in
808 2833 902 2888 lemm.

239 2919 283 2988 48)
302 2919 336 2976 ef.
354 2918 433 2974 uas.
451 2920 511 2974 cat.
529 2920 604 2976 aare
622 2938 646 2989 p.
667 2920 701 2974 ae
719 2938 778 2990 sqq.
800 2922 829 2975 et
845 2920 931 2974 essm
948 2924 1044 2978 notam
1061 2922 1097 2975 aa
1115 2921 1154 2975 rr.
1169 2922 1244 2978 run.
1256 2923 1281 2980 e.
