2910 4642
527 268 804 347 27-

243 451 399 518 Omnibus
434 451 483 516 his
506 453 558 516 .in
594 452 748 540 exemplis
782 453 816 516 in
843 452 1087 540 praecedentem
1123 453 1265 518 dativum

159 557 256 622 etiam
278 558 360 620 ictus
381 577 494 620 versus
517 555 611 634 eadit,
630 555 663 619 id
687 554 772 641 quod
793 578 858 621 non
879 563 929 620 est
951 555 1039 621 hisce
1053 556 1157 622 tribus
1171 556 1265 623 locis:

243 659 343 724 Andr.
368 658 430 722 762
453 657 522 744 (IV,
543 661 573 737 4,
594 659 668 744 23):

241 759 322 826 'fibi
343 760 409 840 dg«)
431 763 502 827 dcco
524 786 566 826 aa
588 761 672 826 non?

242 864 296 930 Sic
317 864 459 949 plerique
481 863 551 928 edd.
575 886 648 928 cnm
669 863 718 946 ll.;
740 864 845 938 Bentl.
868 887 940 929 cum
960 863 1032 932 edd.
1053 874 1127 930 vett.
1170 864 1266 945 „Tibi

155 969 224 1033 dieo
246 982 313 1046 ogo
335 992 376 1031 aa
399 967 499 1031 ooa?“
522 975 618 1053 atque
633 989 706 1032 eum
722 977 849 1033 secutus
865 976 913 1033 est
928 967 985 1049 U.;
1008 968 1146 1034 fortasse
1161 970 1268 1050 etiam,

156 1072 183 1135 si
205 1092 246 1134 ex
260 1070 299 1138 U.
337 1070 461 1134 silentio
484 1066 546 1135 hoc
567 1069 714 1138 concludi
735 1068 818 1155 licet,
841 1071 873 1136 D
897 1081 929 1136 et
951 1069 1149 1138 Gexhibent
1169 1071 1266 1155 ,Titi

157 1173 226 1239 deco
248 1186 313 1251 ogo
334 1197 377 1236 aa
397 1171 497 1236 aoa?“

243 1277 395 1341 Attamen
419 1273 520 1339 altera
540 1273 595 1339 illa
616 1275 783 1342 collocatio
805 1275 904 1359 „Titi
925 1275 992 1356 ego
1013 1279 1084 1344 deco
1105 1303 1147 1343 aa
1162 1280 1264 1345 ποηῖιι

157 1380 260 1463 magis
280 1378 387 1466 placet
407 1399 511 1463 neque
533 1378 648 1442 mirum
663 1380 799 1462 videtur,
823 1380 909 1468 quod
924 1404 988 1447 non
1005 1381 1141 1462 dativus,
1156 1404 1266 1469 quam·

157 1505 252 1569 quam
276 1481 316 1547 ob
336 1481 459 1564 logicas
478 1483 619 1546 rationes
635 1485 742 1566 anteit,
766 1484 822 1549 sed
837 1486 1034 1572 postpositus
1049 1486 1266 1551 nominativus

155 1587 221 1649 ictu
250 1607 362 1649 versus
392 1585 564 1669 premitur,
599 1608 675 1650 nam
703 1587 765 1653 hoc
797 1588 882 1654 idem
912 1589 999 1654 cadit
1026 1590 1059 1654 in
1091 1590 1265 1655 secundum

156 1689 271 1771 locum,
295 1689 351 1774 qui
373 1687 437 1753 huc
458 1689 644 1754 referendus
666 1699 715 1754 est

241 1791 339 1859 Haut.
360 1794 423 1858 610
445 1792 520 1877 (ΙΙΙ,
541 1795 571 1873 3,
592 1791 648 1877 49)

242 1895 309 1959 Prd
328 1897 505 1962 Menedemo
525 1903 610 1962 artae
630 1893 699 1961 tibi
721 1911 786 1975 ogo
806 1897 981 1982 rerpdadeo.
995 1899 1035 1981 ²⁶)

240 1998 367 2064 Phorm.
391 2000 454 2066 532
477 1999 551 2085 (ΙΙΙ,
572 2001 603 2083 2,
624 1999 697 2085 47);

155 2105 248 2168 Miles
269 2104 345 2168 dore
366 2129 399 2169 se
420 2105 514 2186 dicit,
534 2106 568 2169 si
585 2101 675 2167 mihi
693 2107 784 2188 prior
804 2101 845 2166 tu
867 2103 1015 2185 adeletia
1037 2104 1211 2173 Phaedria.

241 2204 305 2271 Hic
333 2229 445 2272 versus
475 2208 521 2272 sic
550 2216 582 2271 et
603 2207 637 2270 in
658 2205 750 2269 libris
771 2203 909 2270 traditur
931 2215 963 2270 et
984 2206 1101 2290 legitur
1122 2208 1155 2271 in
1179 2208 1268 2272 editi·

157 2308 272 2374 onibus
309 2332 411 2397 neque
442 2310 587 2396 equidem
615 2309 802 2393 negaverim
839 2309 983 2375 dativum
1014 2312 1126 2391 „mint
1163 2310 1268 2395 logico

158 2420 293 2476 occentu
322 2413 558 2499 quodammodo
590 2412 702 2476 efferri.
747 2411 950 2500 Quamquam
981 2412 1091 2478 addito
1120 2414 1269 2478 vocativo

156 2517 357 2598 „Phaonte
385 2516 485 2582 multo
515 2517 550 2581 fit
576 2512 774 2603 probabilius
802 2537 977 2601 pronomen
1007 2516 1167 2581 secundae
1197 2538 1269 2602 per·

158 2641 254 2684 sonae
276 2620 382 2705 priore
404 2620 481 2706 poni
503 2619 632 2705 locon).
665 2618 779 2704 Itaque
801 2618 953 2704 quoniam
976 2629 1011 2683 ut
1033 2619 1085 2682 hic
1099 2619 1189 2684 locus
1205 2619 1269 2704 legi

156 2734 284 2787 nostrae
307 2723 502 2804 satisfaciat,
531 2722 651 2811 duplici
677 2723 803 2787 ratione
832 2721 981 2786 facillime
1008 2723 1133 2787 efficere
1155 2745 1267 2810 possu-

157 2847 247 2908 mus,
276 2849 340 2891 non
363 2827 462 2891 nimia
488 2826 623 2891 videbor
644 2825 691 2891 uti
714 2826 863 2904 audacia,
894 2825 920 2888 si
944 2825 1064 2892 suadeo
1096 2835 1151 2892 aut
1174 2826 1267 2891 lenis-

158 2928 238 2992 sima
259 2931 431 2996 verborum
454 2929 720 3016 transpositione:

242 3069 281 3080 -
303 3034 434 3118 sipre'or
455 3032 495 3096 tu
518 3030 605 3096 milli
626 3019 775 3112 acueris,
797 3031 967 3100 Phaedria.

155 3141 212 3198 aut
234 3136 351 3200 omisso
373 3134 424 3200 vel
445 3136 644 3202 nominativo
667 3136 718 3202 vel
740 3136 865 3200 dativo:

240 3276 281 3286 -
304 3241 339 3303 ei
356 3238 433 3304 miti
447 3244 539 3324 prior
560 3240 708 3322 adeleis,
723 3238 893 3306 Phaedria.

155 3350 186 3405 et

240 3444 334 3520 —se'
355 3457 389 3509 to
405 3450 497 3531 prior
519 3445 665 3527 adeleia
687 3444 858 3509 Phaedria.

240 3547 365 3612 Harum
400 3549 495 3612 trium
534 3547 710 3612 formarum
740 3547 847 3612 media
879 3570 950 3611 meo
979 3546 1097 3612 iudicio
1127 3547 1267 3610 maxime

157 3649 255 3734 digna
293 3660 359 3730 est,
397 3672 492 3737 quam
527 3651 730 3737 recipiamus:
767 3651 939 3715 verborum
973 3651 1058 3713 enim
1087 3650 1266 3714 mutatione

155 3761 267 3818 contra
289 3751 387 3818 libros
410 3755 545 3840 scriptos
569 3755 696 3820 omnino
719 3777 783 3820 non
806 3776 886 3841 opus
902 3761 951 3817 est
965 3774 1069 3838 neque
1083 3754 1188 3816 minus
1204 3750 1266 3814 for-

223 3980 269 4046 as)
286 3976 324 4032 uo
342 3975 445 4044 optimo
461 3975 522 4029 iure
541 3976 599 4030 edd.
613 3993 675 4030 eum
688 3976 727 4042 A,
745 3988 817 4040 „ego
830 3992 901 4028 nunc
912 3974 990 4028 non
1003 3954 1081 4041 aar,
1099 3987 1187 4038 „nm
1199 3971 1263 4024 aar

155 4068 219 4137 (om.
238 4069 328 4136 ,‚epo“)
347 4064 384 4131 E3
402 4076 475 4129 „ego
492 4061 552 4118 tior
568 4064 616 4133 ΗΓ*
637 4063 672 4132 P,
690 4080 779 4132 „norw
794 4075 850 4128 ego
867 4059 947 4116 tior*
965 4060 1021 4115 De.
