2910 4642
624 268 838 340 *62*

256 447 331 528 Qua
362 446 474 512 oblata
505 448 691 513 occassione
718 450 826 512 statim
854 447 995 512 breviter
1016 447 1141 512 dicatur
1163 437 1203 510 de
1226 463 1295 510 uno·

169 570 280 632 versu,
308 572 403 639 quem
433 551 520 616 inter
550 552 743 618 recentiores
771 552 858 618 solue
887 552 996 640 Umpf.
1022 551 1065 616 ad
1087 548 1292 634 Bembini³⁵)

170 652 264 718 fidem
288 654 334 719 sie
357 655 502 740 scripsit:

255 757 339 823 Eun.
362 757 426 822 566
450 757 526 842 (111,
549 753 579 842 5,
605 758 674 843 18):

260 859 337 926 oum
368 859 490 943 ipslim
516 874 574 925 mo
605 861 693 924 norae
719 884 813 945 qrrom
847 863 971 948 diepam
1000 863 1179 947 formarum
1207 883 1291 946 epec-

380 965 465 1028 rator
485 963 587 1029 adm?

254 1065 324 1130 Iam
348 1067 455 1134 Bentl.
480 1075 589 1155 spreta
605 1065 755 1131 Bembini
774 1066 919 1149 lectione,
941 1088 1024 1153 quae
1039 1067 1081 1132 ad
1097 1066 1176 1132 illud
1190 1086 1293 1152 usque
1315 1120 1317 1125 ⁴

169 1174 294 1252 tempus
325 1179 396 1234 erat
426 1173 564 1254 usitata,
594 1171 641 1234 aio
660 1171 807 1234 mutavit
836 1192 949 1235 versus
977 1170 1103 1236 initium
1127 1168 1224 1249 ‚flam
1245 1182 1293 1232 me

169 1273 270 1356 ἐρεθί,
299 1293 398 1358 quam
429 1275 650 1339 coniecturam
679 1294 765 1336 nunc
794 1271 847 1338 vel
867 1273 908 1338 ob
931 1272 1009 1339 illud
1032 1272 1206 1339 defendere
1228 1293 1293 1336 non

169 1375 284 1454 auaim,
306 1375 394 1460 quod
417 1379 458 1441 A.
480 1375 642 1442 Luchsius
657 1378 700 1463 36)
722 1398 825 1463 nuper
847 1379 926 1440 satis
947 1377 1123 1442 luculenter
1145 1374 1296 1462 exposuit

168 1475 231 1539 illis
253 1475 341 1558 loeis,
363 1478 424 1543 ubi
446 1481 548 1566 „a'pad‘
571 1481 716 1563 iungitur
737 1500 810 1543 oum
832 1481 1023 1566 pronomine
1045 1480 1214 1559 reflexivo,
1237 1501 1294 1543 no·

169 1581 317 1644 minativi
347 1582 488 1648 formam
518 1585 644 1670 „apnua“
667 1605 731 1647 non
760 1583 862 1668 „opud
884 1606 904 1648 a
923 1585 1027 1670 poetis
1050 1584 1180 1648 oomicis
1203 1603 1293 1647 usur-

169 1685 241 1770 pari
264 1683 375 1751 solere.

253 1786 368 1873 Itaque
400 1788 462 1856 Ed,
491 1789 658 1855 Beckerus
689 1789 721 1874 (l.
743 1789 763 1855 l.
784 1813 814 1877 p.
836 1789 912 1873 252)
944 1811 1017 1854 cum
1043 1789 1185 1854 Luohsio
1214 1787 1294 1872 legit

167 1889 267 1970 „Oum
289 1915 336 1957 me
359 1895 479 1977 ipsud,
500 1894 580 1958 mihi
602 1902 710 1957 autem
733 1914 772 1958 aa
794 1895 898 1976 magis
921 1893 1079 1975 arrident,
1102 1913 1185 1979 quae
1206 1891 1295 1978 apud

168 1994 418 2060 Fleckeisenum
449 2007 596 2062 exstant:
626 1995 725 2077 „Oum
754 1996 845 2081 iprae
874 2003 952 2077 me“‚
983 2017 1079 2082 quam
1102 1998 1294 2080 scripturam

169 2101 268 2161 etiam
284 2097 483 2164 Conradtius
506 2099 538 2185 (Ι.
561 2099 579 2168 l.
603 2123 635 2186 p.
662 2100 722 2164 165
745 2100 805 2185 eq.)
828 2100 988 2186 probavit,
1010 2099 1072 2163 nisi
1095 2097 1181 2186 quod
1202 2119 1294 2184 prae·

169 2211 258 2265 terea
289 2204 320 2265 in
352 2201 418 2267 fine
447 2225 562 2267 versus
590 2203 791 2267 lenissimam
824 2203 900 2267 feeit
931 2211 1163 2284 correcturum,
1190 2201 1236 2265 ita
1258 2211 1295 2265 ut

168 2305 370 2391 respondens
393 2306 503 2368 versui
524 2305 587 2371 557
613 2306 666 2370 hio
687 2305 840 2371 evaderet
862 2315 983 2394 septen.
1007 2304 1126 2371 trooh.:

258 2408 336 2473 (ium
351 2412 442 2493 apanis
456 2432 503 2472 me
512 2412 610 2489 eorda,
622 2433 716 2494 quom
730 2412 852 2496 blepaue
860 2409 1038 2493 formdrum
1048 2408 1202 2496 epectatdr
1211 2405 1294 2471 eim?

254 2513 288 2597 2)
312 2512 414 2596 „apud
438 2511 569 2577 additur
593 2512 691 2577 alicui
707 2515 891 2599 pronomini
910 2513 1155 2578 dernouatratioo.

257 2614 359 2679 Andr.
380 2614 445 2679 350
467 2615 523 2700 (II,
546 2618 578 2701 2,
603 2618 676 2702 13):

255 2709 366 2783 ‘Istuc
395 2717 514 2800 ipsum
532 2723 543 2806 Ι)
560 2723 666 2807 Atque
692 2719 787 2786 istuo
824 2720 941 2801 ipsum
964 2716 1043 2783 nituit
1066 2719 1223 2804 perialint:
1244 2724 1296 2781 me

379 2823 458 2887 oa'de.

255 2923 297 2991 ib.
321 2924 385 2989 495
408 2924 466 3008 (ΙΙ,
487 2927 517 3008 2,
543 2926 615 3012 15)τ

261 3027 348 3091 Ome
368 3028 466 3092 hercle
488 3027 548 3092 hio
570 3028 672 3111 ipsus
694 3033 733 3092 ab
751 3053 836 3093 auae
855 3028 943 3112 fudit
963 3027 1051 3091 david
1070 3051 1132 3114 epo.

258 3130 312 3195 Sic
328 3130 466 3195 fortasse
482 3133 602 3197 rectius
618 3132 818 3196 Meisenerue
834 3131 968 3218 praebet
983 3129 1139 3194 euadente
1148 3130 1292 3195 Luohsio

170 3233 247 3321 (1.1.
270 3256 299 3318 p.
321 3234 377 3319 47)
400 3255 496 3322 quam
519 3238 620 3321 vulgo
644 3257 718 3300 oum
740 3235 872 3300 Donato
884 3238 927 3319 37)
951 3233 1070 3298 editur:
1128 3279 1131 3284 -

259 3336 344 3402 Certe
366 3337 465 3403 tacte
485 3364 570 3404 auno
591 3338 653 3404 hio
675 3364 708 3404 ae
730 3337 830 3422 ipsus
852 3338 951 3422 fallet,
972 3337 1060 3401 daed
1080 3360 1142 3422 eqo.

255 3439 293 3504 In
330 3449 465 3527 utraque
505 3453 611 3507 autem
647 3445 809 3530 scriptura
841 3441 876 3504 id
906 3441 985 3506 mihi
1014 3438 1177 3524 displicet,
1207 3438 1293 3527 quod

169 3567 347 3635 pronomen
368 3544 557 3610 reflexivum
584 3547 703 3614 vooula
734 3547 923 3631 interposita
945 3567 965 3608 a
987 3540 1086 3606 verbo
1110 3564 1168 3608 suo
1191 3563 1293 3606 secer·

169 3649 273 3728 nitur3
301 3648 375 3712 vide
408 3649 507 3732 igitur
536 3673 576 3715 ne
597 3649 699 3725 iliud,
733 3648 818 3735 quod
841 3648 1046 3713 aecusativus
1068 3652 1134 3723 ‚,ae“
1158 3644 1295 3709 diversis

239 3904 285 3972 35)
303 3920 360 3970 „me
377 3906 484 3972 ἐρωτῶ(
505 3905 614 3959 Boou?
640 3910 668 3962 et
685 3906 753 3960 Don.
771 3905 802 3957 in
818 3905 910 3957 lemm.

240 3993 283 4062 36)
302 3993 331 4046 in
349 3990 470 4046 Studem.
489 3993 560 4046 atud.
578 3994 649 4051 faro.
669 3993 683 4047 I
701 4012 728 4063 p.
746 3993 782 4046 46
800 4009 840 4060 eq.

240 4079 285 4146 37)
308 4096 398 4148 ‚mune
415 4079 455 4148 llll
472 4096 500 4132 ee
516 4082 610 4149 tyrow
630 4081 675 4148 ]D;
693 4096 783 4149 „nune
800 4079 878 4146 ipone
895 4079 941 4128 oa“
960 4079 1024 4145 (om.
1044 4073 1133 4145 ,‚ha'e“)
1150 4074 1250 4130 Bone.
