2910 4642
616 269 827 334 ..20-

252 440 331 504 Hec.
354 440 418 505 269
441 440 497 526 (II,
519 441 550 524 2,
575 442 646 526 27):

250 546 324 608 Non
343 544 435 629 prisce
457 541 550 625 apud
570 557 635 610 vos
658 544 823 630 Pamphilo
845 557 884 608 se
906 545 1033 609 absente
1049 544 1236 630 perdordre.

249 645 293 714 ib.
316 647 379 713 386
401 645 476 732 (111,
499 648 530 728 3,
552 646 625 733 26):

252 751 424 834 „Quaeque
441 750 514 835 fors
534 749 669 834 fortuna
689 757 760 834 eat‘,
776 752 886 836 inquit,
901 749 1029 831 „mihis
1045 774 1124 835 qaae
1137 748 1175 815 bo
1190 749 1280 814 bodie

374 854 510 920 naurs

252 954 460 1042 Quantopere
489 957 551 1021 hoo
573 958 606 1021 in
628 977 725 1021 versu
747 956 891 1022 dativum
913 959 1036 1037 „aoba's“
1058 957 1161 1044 premi
1181 965 1277 1043 poeta

104 1076 107 1083 ·
166 1058 310 1139 voluerit,
339 1060 436 1124 etiam
466 1083 506 1124 ex
539 1082 576 1124 eo
604 1059 814 1144 intellegitur,
842 1060 928 1146 quod
950 1060 1002 1124 hic
1023 1060 1075 1124 vel
1096 1059 1277 1146 pronomini

168 1161 302 1227 relativo
326 1161 542 1248 praemittitur

251 1264 295 1330 ib.
339 1267 404 1331 500
424 1265 500 1351 (111,
522 1265 552 1344 5,
574 1267 645 1351 50):

250 1370 301 1432 Ita
322 1372 405 1434 nuno
426 1373 456 1435 is
479 1369 547 1434 sibi
569 1383 627 1432 11111
648 1367 896 1454 supplebaturaim
914 1361 1016 1453 putot.

253 1469 294 1535 ib.
317 1473 382 1536 583
405 1495 450 1559 sq.
472 1471 543 1558 (IV,
564 1473 584 1535 2
608 1471 626 1535 7
649 1473 726 1557 sq.):

250 1575 467 1660 Praepbsa'tom
486 1575 587 1638 amori
608 1576 677 1640 tad:
699 1599 783 1639 nuno
803 1573 869 1638 tibi
893 1589 950 1638 mo
971 1581 1087 1639 certam
1107 1587 1152 1638 est
1170 1585 1277 1637 onuba

1055 1680 1192 1762 qratiam

166 1783 306 1867 Referre.

254 1886 308 1951 Sic
330 1883 486 1970 praebent
507 1883 609 1949 verba
630 1885 702 1951 edd.
724 1905 796 1949 cum
818 1883 977 1972 plerisque
1000 1883 1101 1966 codd,
1116 1885 1178 1949 nisi
1192 1884 1280 1969 quod

166 1990 252 2053 inA
283 2009 388 2052 accus.
417 1991 513 2067 „me“,
545 1989 600 2072 qui
631 1997 663 2053 et
684 1997 786 2052 metro
809 1995 839 2052 et
863 2009 958 2051 sensu
979 1986 1158 2071 flagitatur,
1182 1986 1280 2054 deest.

166 2091 280 2178 Itaque
317 2093 455 2156 fortasse
487 2091 648 2176 quispiam
679 2093 842 2177 putaverit
872 2089 932 2155 hoc
961 2091 994 2154 in
1024 2112 1121 2155 versu
1149 2099 1281 2175 poetam

168 2195 314 2261 sollemni
360 2195 586 2280 pronominum
633 2193 841 2260 collocatione
887 2216 979 2258 usum
1028 2196 1073 2258 sio
1113 2194 1281 2278 scripsisse

168 2353 198 2385 ‚,.
223 2353 228 2366 .
253 2352 260 2365 .
281 2299 347 2363 tuo':
379 2320 463 2362 noae
495 2311 553 2361 me
583 2295 649 2362 tibi
677 2301 794 2361 emtum
816 2347 824 2362 .
848 2348 855 2362 .
877 2302 906 2364 .“
928 2299 974 2362 At
995 2299 1143 2385 equidem
1164 2319 1280 2362 censeo

168 2402 354 2468 Terentium
388 2401 476 2466 velut
514 2422 610 2486 supra
648 2403 682 2465 in
713 2401 811 2467 Haut.
843 2423 938 2465 versu
977 2402 1040 2468 388
1075 2400 1126 2464 hic
1153 2421 1303 2486 quoque.

169 2507 356 2572 chiestioum
372 2506 578 2591 usurpavisse
595 2504 748 2587 ordinem,
762 2506 809 2570 ita
819 2513 855 2568 ut
866 2505 1083 2592 respondeant
1093 2503 1186 2583 „bibi
1195 2509 1280 2568 mc“

169 2606 430 2674 antecedentibus
443 2630 520 2692 „quo
525 2622 622 2693 poeto
633 2624 690 2673 me
700 2608 844 2674 tubunis
855 2608 1073 2694 Proepsds'tom
1082 2608 1184 2672 umori
1191 2606 1279 2673 111(’1“.

252 2711 295 2778 ib.
320 2713 379 2777 761
402 2711 457 2798 (V,
480 2714 509 2792 1,
529 2711 601 2796 85):

253 2816 390 2881 de‘dem
405 2816 636 2901 benioobtmqae
648 2814 757 2900 linqua
772 2818 826 2878 tria
842 2815 904 2879 iam
920 2813 988 2880 bibi
1008 2814 1114 2900 111072)
1130 2815 1279 2880 reddidit.

254 2920 316 2986 Ad.
338 2919 400 2984 457
424 2917 549 3003 (111‚4,
574 2917 642 3002 11):

255 3023 316 3088 Ille
334 3019 402 3086 tibi
426 3022 560 3087 moriens
581 3019 646 3084 nus
669 3021 889 3085 commendauit
908 3043 1008 3085 ceum.

255 3126 351 3191 Hanc
372 3125 518 3208 codicum
540 3124 707 3190 lectionem
724 3145 781 3188 suo
797 3122 953 3190 iureedd.
969 3123 1122 3189 exhibent
1135 3123 1281 3207 neglecto

171 3231 294 3296 Donati
314 3228 507 3307 testimonio,
523 3229 579 3314 qni
593 3230 747 3293 untaum
761 3226 895 3312 praebet
910 3227 1054 3293 ordinem
1068 3242 1159 3307 „nos
1173 3224 1266 3292 flbi‘²
1270 3250 1281 3310 3

170 3357 245 3399 nam
283 3356 324 3397 ex
358 3331 483 3396 duobus
516 3333 571 3417 qui
604 3330 798 3405 antecedunt
829 3331 978 3397 versibus
1011 3333 1089 3395 satis
1122 3352 1281 3417 superque

170 3437 387 3523 cognoscitur,
410 3444 564 3521 quantam
595 3444 691 3522 poeta
720 3434 786 3498 vim
817 3436 976 3500 secundae
996 3455 1154 3521 personae
1176 3432 1226 3496 his
1247 3433 1282 3496 in

169 3541 316 3608 versibus
336 3538 467 3604 tribuat.

253 3644 297 3709 ib.
321 3644 380 3708 617
405 3641 476 3728 (Ν,
497 3642 528 3724 4,
550 3641 600 3726 9):

259 3746 364 3812 Oredit
384 3744 474 3810 mihi
495 3760 553 3810 me
569 3744 737 3830 pariturium
759 3745 840 3809 bone
861 3748 976 3809 emtsse.
1086 3790 1089 3796 ·

170 3888 378 3897 —.....--—-—-—

238 3970 282 4032 721
301 3967 383 4022 unius
413 3965 511 4021 codicis
536 3966 713 4036 Fscriptura
743 3979 813 4036 „mc
839 3965 924 4020 11111α
944 3967 996 4021 hoc
1013 3967 1073 4022 loco
1090 3966 1206 4036 dignum
1225 3982 1282 4020 non

170 4057 288 4120 videtur,
306 4072 391 4126 quam
408 4053 580 4124 recipiamus.
