2910 4642
617 290 830 355 ..21-

257 461 318 525 His
341 462 490 527 omnibus
514 461 592 527 loeis
615 463 765 549 quonium
787 470 853 526 tam
876 463 1005 544 egregie
1028 460 1154 526 eodioes
1172 468 1278 540 trans·

166 568 275 652 posita
302 573 432 628 tuentur
453 567 658 652 pronomina,
681 568 737 630 vix
758 565 838 629 mihi
859 573 1013 651 tempero,
1036 563 1113 650 quin
1132 562 1191 628 hos
1212 572 1278 626 tres

169 669 284 734 saltem
306 690 429 752 versus,
453 668 494 732 de
516 668 632 755 quibus
653 691 739 734 nune
762 691 866 734 sermo
890 669 958 748 erit,
979 666 1186 751 corrigendos
1208 687 1279 730 esse

167 795 227 859 pro
247 782 335 836 certo
358 771 527 847 affirmem:

254 877 286 961 1)
308 875 406 939 Haut
430 874 493 939 952
514 875 569 958 (V,
594 877 621 955 l,
644 876 718 958 tell:

257 979 325 1058 Qut
343 976 411 1041 sibi
433 993 490 1042 111θ
507 1003 572 1064 pro
592 980 766 1044 deridebulo
787 1003 826 1042 ue
847 977 1063 1042 delectamento
1078 990 1179 1062 putat.

251 1081 290 1144 ln
321 1080 382 1145 heo
404 1082 614 1147 deterioribus
638 1081 728 1146 libris
755 1090 934 1146 sustentata
957 1081 1116 1165 scriptura
1136 1079 1279 1167 plerique

167 1207 222 1253 vv.
246 1183 298 1248 dd.
321 1185 571 1271 acquieverunt,
592 1193 762 1272 postquam
786 1184 932 1272 Guyetus
955 1192 987 1248 et
1008 1183 1173 1248 Bentleius
1194 1191 1279 1247 reete

170 1295 363 1352 monuerunt
374 1287 570 1375 Bembini⁷⁸)
582 1289 750 1354 lectionem
760 1297 890 1376 propter
900 1287 1049 1352 metrioss
1056 1288 1197 1351 rationes
1205 1286 1281 1351 ferri

169 1413 232 1456 non
254 1413 358 1477 posse.
404 1391 469 1456 Sed
491 1385 668 1456 ceterorum
692 1392 839 1456 oodioum
862 1392 1067 1471 ‚uertumu“
1088 1391 1280 1476 recipientes

166 1516 243 1558 num
264 1503 350 1559 reete
372 1494 508 1561 fecerint
529 1495 612 1576 edd„
635 1495 667 1559 id
690 1516 768 1560 sene
788 1494 929 1561 dubitari
944 1504 1057 1582 potest.
1096 1493 1280 1576 Wagnerus

167 1599 251 1663 enim
267 1619 351 1683 quae
366 1596 408 1661 ad
424 1597 510 1662 buno
523 1620 653 1663 versum
671 1597 861 1684 adnotatu),
876 1599 956 1664 haee
967 1599 1098 1663 minime
1110 1598 1187 1661 mibi
1201 1598 1278 1661 arri-

169 1702 245 1766 dent
266 1723 370 1787 neque
385 1700 533 1787 Guyetns
553 1701 639 1766 idem
662 1702 799 1766 sensisse
821 1703 947 1768 videtur
971 1711 1066 1788 atque
1086 1702 1280 1766 novissimus
1349 1765 1351 1768 ⁴

171 1803 223 1868 ille
248 1804 366 1885 editor,
389 1814 499 1892 utpote
521 1807 575 1891 qui
597 1804 736 1891 probata
756 1805 872 1871 vocula
893 1804 1104 1886 „demonum
1126 1806 1280 1870 traditum

169 1906 418 1988 „tenesmum
434 1911 678 1974 commutaverit
692 1909 726 1973 in
741 1931 852 1974 vooem
868 1909 1122 1989 „oblectamento
1138 1911 1282 1975 Terentii

170 2013 310 2075 maxime
331 2013 504 2098 propriam.
538 2011 618 2076 Mihi
635 2021 747 2077 oontrs
763 2012 849 2077 haud
864 2011 1117 2098 improbabiliter
1132 2013 1280 2078 Bembini

169 2115 333 2194 „rioldulou
351 2115 544 2180 servandum
557 2117 684 2181 videtur
694 2116 746 2181 vel
762 2116 803 2182 ob
816 2117 950 2182 similem
962 2116 1105 2180 Terentii
1117 2115 1220 2181 looum
1230 2117 1282 2202 ⁷⁵),

169 2238 273 2303 neque
300 2216 378 2282 illud
409 2219 504 2305 plane
534 2221 659 2285 silentio
692 2220 959 2284 dissimulandum
990 2220 1050 2284 erit
1079 2220 1280 2299 „deridieuld‘

170 2342 298 2400 vocem,
344 2341 427 2406 quae
462 2344 540 2387 sene
576 2323 773 2409 Plautinali)
810 2333 874 2404 est,
914 2323 1000 2389 nullo
1036 2325 1137 2388 nostri
1167 2332 1280 2409 poetae

169 2423 316 2510 exemplo
337 2426 549 2512 comprobari.

255 2526 369 2612 Itaque
391 2529 595 2616 transpositis
616 2527 859 2615 pronominibus
874 2526 959 2591 huno
973 2549 1118 2615 propono
1133 2549 1279 2592 versum:

260 2632 328 2710 Qui
346 2632 480 2698 1116111111
502 2632 570 2697 sibi
589 2634 651 2718 prd
671 2632 803 2697 ridisod)
823 2657 861 2696 ae
883 2632 1098 2696 delectamento
1116 2645 1215 2717 putat.

256 2733 320 2799 Sed
342 2733 417 2798 vide
448 2757 490 2798 an
519 2758 584 2801 non
613 2736 717 2800 lenius
747 2745 872 2800 tantum
896 2734 953 2800 sed
975 2735 1072 2799 etiam
1094 2735 1212 2797 reetiue
1234 2734 1280 2797 sio

170 2836 355 2900 restituetur
377 2836 568 2902 versiculus:
915 2893 918 2902 .

168 2949 169 2953 ’
260 2942 327 3020 Qui
346 2938 491 3005 sibimet
512 2956 568 3006 mo
585 2943 650 3028 prd
669 2942 804 3008 ridieudr
825 2967 864 3006 ae
885 2939 1099 3006 delectamento
1114 2951 1216 3024 putat.

228 3029 231 3034 ’
256 3044 290 3130 2)
312 3043 439 3110 Phorm.
463 3045 525 3108 172
546 3044 585 3131 (1,
607 3047 637 3126 3,
660 3045 729 3131 rou

255 3149 308 3212 Itu
314 3147 459 3232 plerique
474 3172 577 3214 omues
590 3153 699 3213 edmm
713 3148 847 3233 luponio,
862 3145 978 3212 nostri
989 3144 1130 3212 nosmet
1136 3147 1279 3231 paenitet.

255 3250 398 3315 Priorem
428 3249 523 3313 huius
552 3271 665 3314 versus
691 3258 818 3336 partem
839 3251 1005 3317 Bentleius
1028 3273 1068 3315 ex
1091 3271 1148 3314 suo
1172 3247 1280 3312 codiee

170 3353 205 3419 0.
228 3353 263 3419 Ο.
293 3353 478 3438 restituitll)
509 3363 604 3439 atque
633 3352 730 3418 oeteri
750 3376 803 3420 vv.
835 3343 886 3420 dd.
915 3376 972 3418 suo
995 3353 1063 3418 iure
1086 3373 1158 3416 eum
1181 3353 1280 3416 seouti

239 3489 282 3555 73)
300 3489 372 3543 idem
396 3489 469 3558 quod
491 3487 520 3541 in
539 3491 574 3541 A:
592 3488 666 3555 „Qui
684 3488 744 3543 siti
762 3501 808 3543 mo
822 3506 878 3557 pro
895 3488 1014 3542 ridiculo
1031 3505 1064 3540 ae
1081 3489 1108 3540 d.
1123 3492 1172 3556 μ’*
1190 3488 1281 3541 exstat

168 3575 198 3629 in
216 3577 290 3631 uodd.
310 3576 400 3631 Due.

239 3664 284 3732 74>
301 3663 367 3716 Man
383 3663 513 3717 bemerke
530 3663 574 3717 die
592 3662 743 3717 effeotvolle
761 3660 977 3729 Wiederholung
994 3677 1048 3714 von
1066 3662 1142 3726 „det

239 3751 284 3820 75)
301 3750 364 3803 Eun
383 3749 458 3805 1004.
496 3749 588 3817 „Mitt
604 3750 680 3803 solae
696 3749 815 3804 ridiculd
827 3749 916 3819 fuit.“

239 3837 283 3904 76)
300 3837 333 3889 of.
351 3852 373 3892 e.
392 3855 419 3906 g.
438 3837 535 3891 Pseud.
555 3837 622 3892 1058
639 3837 671 3892 R.
691 3837 759 3905 „per
776 3835 956 3889 deridebuldm
974 3835 1067 3887 daret

240 3925 286 3992 77)
302 3939 396 3977 omnes
420 3923 507 3978 nostri
523 3923 550 3977 ll.
570 3924 683 3992 excepto
705 3921 853 3991 Bembino‚
871 3921 918 3976 ubi
941 3939 958 3976 a
976 3921 1065 3991 primu
1082 3936 1167 3974 manu
1184 3935 1281 3973 versus

168 4009 308 4066 omittitur
321 4011 350 4064 et
361 4012 494 4078 suctores,
507 4027 524 4065 u
535 4011 636 4081 quibus
648 4009 787 4075 laudetur,
799 4010 946 4079 praebent:
967 4010 1032 4078 „Itu
1041 4009 1165 4078 plerique
1176 4007 1280 4074 inuenio

167 4115 262 4152 sumus
279 4103 394 4153 omues.“
