2910 4642
603 274 815 342 ...55-

239 441 338 507 Haut.
361 442 422 508 678
446 443 515 526 (IV,
538 445 566 524 2,
590 445 658 530 ll):

239 545 408 611 Retraham
440 547 540 614 be'rele
572 550 684 634 opinor
714 551 759 616 dd
783 574 830 615 oce
858 549 952 616 idom
978 549 1068 618 illud
1093 553 1265 640 fcips'trbum

360 642 520 736 arpentum
541 665 649 717 tamea
662 653 702 738 16)

238 750 299 816 Ad.
323 752 385 819 812
407 753 461 839 (V,
483 756 512 836 3,
533 755 603 840 26):

361 855 507 922 eandem
528 856 628 923 11111111
651 860 802 926 rationem
823 863 985 946 antiquam
1006 860 1114 926 obtine.

238 955 439 1044 Coniecturis
461 969 526 1026 tres
548 962 594 1045 illi
615 962 686 1046 loci,
709 962 766 1028 ubi
789 963 949 1030 sollemnis
973 963 1052 1029 ordo
1075 964 1264 1049 neglegitur,

151 1061 296 1126 tentandi
318 1062 482 1130 videntur:

237 1162 269 1248 1)
291 1163 369 1230 Hec.
393 1165 456 1232 754
479 1189 524 1254 sq.
548 1167 602 1252 (V,
626 1169 655 1251 1,
677 1171 718 1236 28
742 1170 816 1257 sq.):

235 1266 303 1332 Eo'a
317 1269 362 1332 ud
374 1270 518 1337 maliace
531 1271 592 1336 bac
606 1275 687 1338 intro
701 1286 792 1358 acque
805 1272 900 1339 istut
915 1277 967 1340 iao
982 1275 1154 1341 :brotadmc
1168 1271 1263 1339 idom

149 1370 320 1438 Polliceare
342 1371 415 1438 atto.

234 1474 417 1541 Pronomen
440 1478 557 1560 „oiiem“
579 1479 769 1543 mutandum
791 1488 869 1567 puto
891 1480 925 1543 in
939 1479 1129 1545 adverbium
1144 1462 1263 1562 „c‘tem“,

150 1577 236 1664 quod
269 1578 358 1644 haud
391 1579 497 1644 minus
530 1589 641 1666 aptum
669 1581 797 1647 videtur
829 1604 925 1670 quam
956 1583 1083 1664 „idem“.
1136 1580 1262 1647 Laches

150 1683 234 1747 enim
258 1682 450 1748 adhortatur
472 1681 677 1766 Bacchidem,
698 1694 735 1750 ut
756 1685 838 1750 sicut
859 1685 955 1751 modo
971 1685 1013 1771 (v.
1030 1685 1106 1771 151)
1122 1708 1156 1751 se
1170 1687 1261 1751 inno·

149 1793 274 1850 centem
308 1808 379 1852 esse
410 1784 553 1872 pollicita
583 1789 636 1870 sit,
662 1789 709 1854 ita
737 1788 924 1854 mulieribus
949 1786 1035 1852 idem
1064 1788 1261 1876 polliceatur.

148 1889 303 1955 Fortasse
324 1890 448 1957 Donati
470 1910 598 1977 quoque
618 1893 800 1958 testimonio
824 1891 983 1957 stabilitur
1005 1891 1089 1978 quod
1104 1913 1263 1979 propono:

148 2014 286 2078 namque
314 1993 366 2059 ille
397 1996 423 2060 si
449 1995 483 2060 in
510 1995 687 2081 exemplari
709 2018 767 2062 suo
788 1996 868 2079 legit
891 1996 1026 2078 „r'dem“,
1056 2015 1189 2060 causam
1212 1996 1258 2061 di·

149 2096 271 2182 spicere
298 2119 440 2183 nequeo,
470 2120 528 2163 cur
549 2098 637 2164 hisce
657 2098 816 2164 lemmatis
838 2096 946 2163 verbis
969 2097 1087 2183 „Atque
1107 2101 1188 2164 istac
1208 2102 1261 2166 aire

147 2200 339 2265 iurandom“
360 2224 424 2267 non
447 2203 602 2269 adiecerit
622 2224 799 2289 pronomen
821 2202 950 2285 „etiams
971 2211 1005 2264 at
1027 2201 1054 2264 si
1076 2201 1181 2267 eidem
1203 2204 1259 2268 ad·

147 2302 292 2368 verbium
314 2308 418 2384 „tow
442 2315 516 2371 ante
539 2306 647 2372 oeulos
671 2315 748 2388 erat,
771 2327 902 2371 necesse
917 2305 1016 2369 fuisse
1032 2313 1167 2392 apparet
1180 2305 1259 2372 iilud

147 2406 260 2474 omitti.
303 2406 416 2492 Itaque
438 2411 485 2474 sic
506 2409 655 2496 Hecyrae
676 2409 781 2475 locum
805 2430 942 2496 repono:

230 2509 298 2575 Eo'a
321 2512 366 2576 od
386 2513 530 2578 mulcete
550 2513 611 2578 buc
631 2513 714 2579 intro
733 2526 822 2597 atque
840 2517 922 2577 tatae
939 2515 992 2578 :ire
1006 2511 1176 2578 iurandum
1190 2511 1260 2577 item

144 2612 314 2680 Petraeam
333 2616 405 2681 11111.

231 2719 266 2802 2)
289 2718 389 2786 Haut.
412 2719 475 2784 898
497 2717 550 2803 (V,
574 2721 602 2798 1,
624 2719 696 2804 25):

234 2821 299 2887 Sed
318 2820 382 2886 ille
404 2835 487 2886 tuom
509 2826 630 2908 quoque
643 2822 744 2908 Syrus
765 2817 911 2904 itemst)
934 2819 1009 2883 mire
1028 2821 1120 2897 fierit
1136 2822 1257 2907 sileam.

230 2924 281 2990 Ibi
308 2947 373 2990 non
402 2933 469 2990 tam
499 2925 611 2990 eadem
633 2924 758 2991 medela
781 2934 876 3009 atque
897 2923 931 2987 in
953 2922 1109 3010 exemplo,
1132 2923 1257 3010 dequo

147 3026 242 3093 modo
274 3027 395 3092 dictum
424 3037 489 3112 est,
510 3029 559 3093 uti
580 3028 676 3093 velim
699 3048 796 3113 quam
817 3047 994 3114 pronomen
1015 3029 1131 3107 „idem“
1153 3050 1256 3094 remo·

146 3133 276 3216 verost)
299 3140 331 3195 et
353 3133 400 3195 sic
420 3132 612 3197 versiculum
634 3132 818 3196 restituere:

233 3233 299 3298 Sed
318 3235 368 3299 ille
389 3248 457 3300 tuos
478 3237 560 3300 tuom
581 3258 700 3322 quoquc
721 3234 823 3320 Syrus
844 3239 921 3300 :ntro
939 3234 1033 3311 toa:
1051 3233 1170 3316 filiam.

216 3457 259 3525 16)
277 3456 373 3512 cursio
381 3473 444 3511 cum
454 3456 492 3512 rl.
502 3458 638 3528 etWagn.
647 3458 721 3511 hunc
729 3472 840 3511 versum
848 3455 994 3526 legivelim
1002 3471 1027 3510 v.
1036 3472 1121 3526 supra
1129 3473 1155 3526 p.
1168 3456 1209 3512 10.
1217 3474 1256 3527 sq.

217 3545 261 3614 17)
280 3545 312 3598 U.
336 3562 403 3599 num
428 3545 503 3598 recte
526 3545 657 3600 suadente
679 3544 769 3614 prima
788 3541 912 3598 Bembini
932 3558 1018 3596 mann
1033 3543 1152 3612 priscam
1170 3544 1256 3598 nomi·

146 3631 233 3685 nativi
252 3632 320 3702 sing.
339 3633 456 3688 formam
475 3633 595 3702 „iadem“
613 3640 649 3703 (v.
668 3647 806 3702 perpauca
823 3629 954 3700 exempla,
970 3645 1042 3698 quae
1059 3646 1148 3699 paene
1164 3630 1257 3684 omnia

144 3721 174 3772 in
185 3717 405 3789 inscriptionibus
416 3719 605 3788 inveniuntur,
618 3737 662 3789 ap.
672 3720 749 3773 Neue
757 3718 774 3772 1.
782 3718 799 3772 l.
815 3717 854 3771 11²
866 3735 892 3786 p.
907 3717 969 3786 198)
981 3716 1108 3772 Terentio
1121 3717 1256 3781 tribuerit,

147 3805 226 3860 valde
256 3806 378 3859 dubitari
401 3807 478 3871 licet:
501 3805 536 3861 cf.
559 3823 631 3876 quae
654 3806 757 3862 Ritsch,
779 3807 813 3860 de
836 3807 940 3874 „idem,
962 3805 1067 3857 iadem“
1089 3803 1256 3874 pronominis

147 3892 243 3950 formis
261 3892 412 3962 disputavit
428 3893 457 3946 in
474 3911 566 3964 opusc.
583 3894 649 3964 phil.
666 3893 718 3948 vol.
737 3893 785 3949 IV.
803 3912 830 3963 p.
849 3893 901 3948 313
918 3910 977 3962 sqq.

218 3981 263 4052 18)
279 3979 370 4035 omitti
381 3997 531 4050 pronomen
543 3982 650 4048 „idem“
661 3981 691 4038 in
702 3982 759 4037 cod.
773 3982 797 4037 G
808 3997 978 4052 quamquam
988 3997 1044 4036 non
1055 3978 1150 4050 magni
1161 3979 1256 4034 tamen

145 4068 260 4125 alicuius
276 4068 409 4124 momenti
426 4068 535 4124 videtur
552 4085 617 4126 esse.
