2910 4642
626 340 668 352 ..
712 303 753 370 65
798 339 837 352 ..

260 477 357 541 Pater
379 474 448 540 eat?
464 476 473 558 ll
490 473 529 538 Is
551 473 671 556 ipsust
687 477 697 560 1)
714 470 793 562 Sp're
815 462 892 560 quid
902 476 1047 561 opimus?
1064 479 1074 561 Ι)
1091 478 1180 561 Fupe
1202 480 1296 544 modo

382 579 473 656 intro,
495 599 548 660 epo
568 579 682 646 uidero.
748 650 751 655 .

262 679 315 745 Sic
349 703 434 744 nuno
469 700 582 742 versus
616 681 734 765 legitur
771 680 857 768 apud
895 681 1143 747 Fleckeisenum
1175 683 1292 768 (Bentl.

175 785 302 870 scripsit
324 783 381 864 ‚Js
402 781 530 864 ipsus“,
553 781 658 869 Umpf.
681 780 736 861 „ls
758 782 921 870 ipsosd‘p
943 785 976 848 in
999 784 1028 850 ll.
1045 782 1125 849 haec
1148 795 1291 851 exstant:

173 888 288 969 „Pater
317 889 425 952 adest‘
446 884 642 950 Bennoi?
670 886 761 970 (per
783 885 866 952 D¹u
890 909 963 951 cum
985 889 1030 972 A)
1053 886 1210 954 IPSEST
1233 889 1285 967 A;

173 991 282 1075 „aprus
302 995 365 1054 eot“
388 988 467 1064 DG3
491 988 615 1072 „t'pm‘
638 988 711 1073 (om.
733 989 824 1075 „eot“)
849 988 1006 1058 BCEFP.

260 1092 320 1155 His
348 1091 503 1178 expositis
533 1088 602 1154 luce
631 1090 748 1157 elarius
771 1091 941 1179 apparebit
963 1091 1003 1155 de
1026 1092 1171 1156 Andriae
1193 1115 1290 1158 versu

173 1193 236 1258 945
259 1193 311 1277 (V,
334 1197 363 1273 4,
386 1196 441 1280 42)
464 1193 551 1261 nullo
572 1203 668 1280 pacto
684 1197 834 1259 assentiri
849 1217 908 1259 nos
923 1216 1018 1282 posse
1032 1194 1290 1280 Umpfenbaohio

173 1296 258 1360 huno
281 1310 399 1382 septen.
422 1295 522 1362 trooh.
546 1297 710 1363 suadenti:

259 1399 347 1465 Hesio
377 1400 516 1465 Chremes
546 1401 630 1485 quod
654 1403 797 1484 quaeras,
828 1401 1011 1465 Pastbeiloat
1026 1403 1037 1484 l
1054 1399 1140 1482 Ipsa
1168 1399 1248 1466 odsi
1261 1402 1274 1486 ll

380 1503 521 1584 Euct.⁴³)

258 1606 366 1670 Ceteri
396 1628 448 1672 vv.
486 1606 539 1671 dd.
549 1605 609 1690 ⁴⁴),
645 1607 713 1669 sive
741 1603 890 1693 calliopii
918 1606 1138 1670 recensionem
1147 1607 1190 1690 ⁴⁵)
1220 1607 1289 1670 sive

172 1707 314 1771 codicem
331 1707 480 1774 Bembini
503 1708 603 1772 secuti
626 1717 709 1788 sunt,
731 1710 907 1772 rectissime
930 1706 1016 1772 huno
1037 1730 1166 1772 versum
1186 1717 1288 1775 oeten.

171 1810 266 1875 iamb.
303 1833 374 1875 esse
404 1812 467 1876 sibi
502 1821 748 1897 persuaserunt,
785 1813 936 1897 quoniam
971 1819 1003 1874 et
1030 1812 1227 1896 praecedunt
1255 1820 1289 1876 et

172 1914 411 2002 subsequuntur
448 1935 561 1980 versus
591 1912 735 1978 eiusdem
771 1916 908 1997 generis.
960 1913 1041 1978 Mihi
1071 1936 1111 1977 ex
1140 1914 1288 1980 omnibus

171 2037 254 2102 quae
275 2017 422 2102 prolatae
445 2027 519 2082 sunt
542 2015 707 2105 seripturis
730 2017 870 2081 maxime
886 2015 1006 2080 arridet
1020 2016 1288 2104 Fleckeiseni:⁴⁶)

255 2121 330 2185 Noa
350 2125 468 2206 patiar.
491 2121 582 2201 teos,
609 2119 763 2202 Chremes,
783 2120 866 2206 quod
885 2119 1021 2205 quaeris,
1042 2120 1244 2206 Pdupbiluot.
1260 2122 1272 2206 Ι)

377 2226 510 2310 Ipedetll
527 2224 616 2288 Euat.

254 2325 446 2391 Ritschelius
478 2347 605 2413 quoque
634 2325 756 2411 (opusc.
786 2323 836 2388 III
858 2347 889 2412 p.
913 2325 991 2411 326)
1021 2324 1169 2390 concedit
1198 2325 1286 2389 haud

167 2427 423 2514 improbabiliter
444 2428 693 2494 Fleckeisenum
721 2427 875 2491 traditum
897 2428 1120 2509 „Pusibabzaffl
1143 2438 1286 2493 mutasse

167 2533 201 2596 in
224 2531 467 2617 „Pure'pde‘laot‘,
499 2531 555 2596 sed
579 2531 731 2618 quoniam
754 2531 888 2594 voculae
911 2530 1023 2609 ,‚beue“
1045 2532 1152 2594 minus
1173 2541 1284 2616 aptum

167 2634 274 2700 locum
304 2658 374 2699 esse
397 2633 473 2698 huic
493 2634 637 2710 videtur,
666 2635 736 2720 ipse
766 2634 813 2698 sic
835 2634 941 2718 potius
964 2654 1092 2697 versum
1114 2634 1178 2718 legi
1198 2632 1282 2699 vult:

252 2740 325 2803 Nou
343 2741 461 2824 potior.
475 2761 522 2803 cm
543 2737 683 2803 Chremes
698 2737 782 2821 quod
795 2739 920 2822 quouis
934 2735 1092 2800 Pothaia
1109 2737 1119 2819 Ι)
1134 2738 1243 2822 Ipsdrt
1257 2744 1267 2821 Ι)

377 2841 464 2906 Eunt.

253 2943 380 3021 Restat,
409 2953 446 3007 ut
474 2965 579 3029 pauca
610 2941 650 3006 de
678 2964 743 3007 uno
765 2939 962 3005 Terentiano
984 2941 1130 3026 exemplo
1154 2940 1282 3024 eddam,

167 3046 201 3109 in
235 3067 298 3132 quo
326 3045 509 3110 sollemnem
538 3046 763 3132 pronominum
791 3042 1032 3108 collocationem
1053 3043 1206 3108 violatam
1229 3043 1283 3107 de·
1360 3085 1361 3089 =

167 3148 411 3236 prehendimus:

235 3319 282 3389 43)
299 3319 329 3371 in
345 3318 373 3372 ll.
391 3335 447 3372 non
464 3317 518 3371 nisi
534 3317 619 3372 semel
637 3319 730 3385 ,‚eoal“
749 3317 847 3370 emat.

236 3408 281 3473 44)
300 3405 368 3460 alias
392 3404 508 3458 aliorum
530 3402 688 3458 criticorum
711 3404 882 3458 coniecturas
906 3421 930 3456 v.
955 3418 998 3472 ap.
1023 3400 1169 3455 Luchsium
1192 3400 1283 3469 (stud.

167 3493 238 3547 stud.
257 3510 282 3562 p.
301 3493 336 3547 63
353 3493 417 3562 sq.),
436 3490 554 3544 eundem
571 3508 596 3544 v.
617 3491 642 3543 d.
660 3505 714 3558 quo
732 3488 870 3544 refelleret
886 3487 1097 3557 Umpfenbechii
1114 3488 1282 3542 sententiam

167 3596 224 3634 non
249 3579 322 3648 fugit
353 3595 403 3644 „ea
428 3578 535 3646 ipraet“
561 3576 652 3646 potius
678 3593 763 3645 quam
785 3576 866 3644 „ipra
891 3581 965 3628 aaat“
992 3591 1050 3629 esse
1076 3573 1282 3632 Terentianum.

167 3665 300 3721 Luchsius
316 3665 375 3734 ipse
392 3681 476 3736 quem
493 3680 603 3718 versum
620 3662 775 3732 proposuit,
794 3661 867 3716 hunc
886 3662 1027 3731 amplexus
1045 3662 1087 3715 est
1104 3661 1281 3716 Meissnerus=

237 3752 315 3805 Heus
335 3750 452 3816 Chreme,
471 3751 545 3821 quod
561 3752 671 3820 quam
689 3748 857 3802 Pctaibalaat.
871 3747 881 3820 Ι)
893 3748 1027 3800 Pasibula
1043 3747 1132 3815 aproni
1143 3748 1153 3820 Ι)
1166 3748 1245 3802 Euat.

236 3840 283 3906 45)
300 3853 394 3892 omnes
412 3840 525 3907 excepto
540 3838 670 3892 Bembino
688 3837 715 3892 ll.
732 3836 869 3906 incipiunt
885 3851 995 3889 versum
1006 3851 1024 3888 a
1035 3833 1126 3888 verbis
1138 3833 1220 3904 „Non
1227 3851 1281 3902 pa·

166 3928 251 3992 tiun‘,
269 3941 341 3996 quae
359 3926 458 3979 desunt
475 3924 505 3977 in
523 3929 554 3978 A.

236 4015 280 4084 46)
301 4010 440 4067 consentio
465 4011 517 4064 hac
539 4011 572 4065 de
593 4026 624 4065 re
646 4027 709 4064 oum
726 4009 833 4065 Klotzio
850 4008 879 4060 in
897 4007 1016 4061 Andriae
1034 4005 1151 4061 editione
1170 4009 1280 4061 etcum

166 4102 246 4158 Conr.
263 4100 281 4154 l.
299 4100 316 4154 l.
335 4117 381 4168 pp.
401 4098 418 4152 5
435 4103 464 4151 et
480 4097 523 4154 85.
1054 4181 1070 4234 5
