2910 4642
587 283 777 352 -34

217 457 250 520 in
273 456 377 543 eapite
398 457 503 545 primo
518 456 560 521 de
575 456 844 540 pronominibus
858 457 1107 541 personalibus
1123 457 1238 526 struo-

128 558 212 623 tura
234 558 442 640 oeniunotls,

215 679 248 743 iu
278 681 384 766 eapite
415 681 554 745 secundo
583 678 625 742 de
655 680 708 746 eis
740 679 954 761 enuntiatis,
991 681 1052 747 ubi
1082 681 1239 749 eiusdem

130 781 352 864 pronominis
368 784 572 865 —praeter
594 783 805 865 pronomina
819 783 1023 867 personalia
1038 825 1079 834 -
1095 787 1241 851 exstant

128 883 195 951 duo
217 900 333 964 ossus,

117 1000 119 1006 '
214 1006 248 1069 in
281 1005 386 1093 eapite
416 1006 511 1071 tertio
533 1006 575 1072 de
597 1005 866 1089 pronominibus
887 1009 1137 1090 personalibus
1160 1025 1240 1077 eon·

129 1107 260 1173 innotis
284 1124 364 1172 oum
382 1108 652 1192 pronominibus
667 1109 894 1192 possessivis,

217 1230 249 1294 in
282 1231 386 1314 capite
417 1239 531 1317 quarto
563 1229 605 1296 de
635 1228 855 1311 reliquorum
885 1229 1094 1311 quibusoam
1115 1248 1241 1315 prono·

131 1332 283 1412 minum,
307 1333 339 1397 si
369 1331 509 1414 quidem
536 1332 579 1397 ad
611 1331 681 1398 alia
702 1334 912 1415 pronomina
934 1333 1054 1401 eodem
1079 1352 1161 1401 oasu
1184 1335 1242 1402 ad·

126 1436 224 1517 iaetu
244 1435 486 1503 inveniuntur.

597 1605 719 1759 capua
743 1664 771 1737 Ι.

219 1811 289 1876 Iam
304 1811 468 1877 Mahlerus
491 1811 523 1897 (l
538 1812 557 1879 l.
572 1836 625 1900 pp.
649 1814 745 1899 3-8)
768 1811 944 1877 innumeris
965 1833 1068 1898 paene
1088 1813 1242 1900 exemplis

132 1916 364 1980 demonstravit
391 1915 542 1979 Plautum
579 1917 679 1982 solere
714 1915 971 1982 nominativum
997 1929 1129 1998 ponere
1161 1916 1242 1981 ante

63 2036 67 2044 ’
130 2035 253 2084 oasum
283 2017 465 2100 obliquum
495 2019 569 2084 sive
600 2019 730 2084 nudum
763 2019 837 2084 sive
868 2035 948 2082 oum
978 2017 1242 2101 praepositione

133 2121 369 2203 semiunciam,
393 2132 491 2208 atque
512 2146 548 2188 re
569 2145 648 2188 vera
669 2123 903 2189 nominativum
924 2124 1149 2208 pronominum
1171 2144 1243 2210 per-

134 2226 290 2291 sonalium
327 2227 442 2291 ceteris
484 2226 657 2292 eorundem
692 2226 918 2314 pronominum
956 2227 1085 2292 casibus
1120 2228 1243 2292 anteire

132 2330 228 2415 idque
257 2330 343 2395 nullo
372 2327 529 2394 vocabulo
558 2330 746 2415 interposito
775 2337 973 2416 quantopere
995 2328 1056 2395 hoc
1077 2330 1243 2417 proprium

134 2435 175 2498 sit
206 2433 361 2497 sermonis
392 2432 561 2514 cotidiani,
593 2455 658 2497 non
687 2432 787 2496 solum
819 2432 1021 2497 multitudine
1054 2432 1197 2499 locorum
1226 2455 1244 2497 e

133 2537 284 2602 Terentio
319 2537 495 2622 ceterisque
524 2535 627 2621 poetis
666 2535 795 2600 eomiois
824 2538 997 2621 petitorum
1027 2537 1097 2602 luoe
1126 2536 1243 2602 elarius

133 2639 313 2727 apparebit,
334 2662 446 2704 verum
468 2640 565 2705 etiam
586 2637 771 2724 intellegere
791 2641 925 2724 poteris,
953 2639 980 2704 si
1002 2639 1144 2704 Petronii
1167 2641 1243 2704 sati-

132 2766 241 2808 rarum
270 2743 421 2829 reliquias
450 2743 502 2809 vel
526 2742 691 2808 Ciceronis
721 2742 928 2828 epistularum
949 2764 1046 2807 unam
1070 2740 1245 2807 alteramve

132 2847 323 2932 inspexeris.
368 2846 524 2927 Quamvis
545 2847 645 2932 igitur
666 2856 917 2911 consentaneum
934 2847 976 2910 sit
990 2845 1075 2931 quod
1092 2855 1123 2910 et
1137 2845 1245 2910 Plauti

133 2958 165 3013 et
187 2948 353 3014 Ciceronis
374 2951 566 3014 auctoritate
587 2948 733 3013 firmatur
755 2970 796 3012 ne
818 2970 838 3012 a
858 2948 1009 3014 Terentio
1032 2948 1170 3034 quidem,
1192 2951 1247 3034 qui

131 3052 238 3116 media
268 3053 351 3116 inter
377 3060 548 3138 utrumque
570 3060 677 3117 aetate
699 3051 825 3132 vixerit,
847 3051 940 3116 aliter
961 3052 1144 3117 institutum
1165 3072 1246 3134 esse,

132 3164 247 3239 tamen,
272 3177 312 3219 ne
335 3155 413 3242 quid
436 3155 478 3219 ad
499 3155 627 3242 plenam
651 3177 719 3220 rem
742 3154 1026 3220 demonstrandam
1041 3153 1247 3234 desideretur,

131 3249 196 3323 his
212 3259 421 3346 praemonitis
458 3261 523 3322 iam
560 3279 667 3322 meum
701 3257 760 3321 erit
793 3280 981 3323 enumerare
1013 3257 1160 3343 exempla
1192 3257 1247 3323 illa

132 3363 341 3443 Terentiana,
363 3363 398 3427 in
420 3362 536 3448 quibus
557 3362 639 3426 haee
660 3360 892 3443 lex—servatur,
914 3358 1018 3448 neque
1040 3360 1245 3425 metuendum

132 3465 210 3529 mihi
236 3465 379 3548 videtur,
408 3487 450 3529 ne
478 3487 529 3530 me
560 3466 638 3530 trita
665 3474 769 3529 terere
789 3462 869 3529 mihi
891 3463 1065 3544 obiciatur,
1096 3465 1246 3548 quoniam

134 3568 301 3634 Mahlerus
324 3567 428 3633 eidem
451 3569 498 3631 rei
520 3570 552 3630 iu
575 3567 735 3632 Plautinis
758 3566 876 3632 fabulis
899 3588 1029 3654 operam
1051 3566 1184 3636 dederit.

166 3664 171 3681 '
216 3671 296 3736 Loci
318 3671 416 3756 igitur
439 3679 514 3735 sunt
534 3670 623 3735 hice:

224 3788 333 3854 inor.
356 3791 398 3856 35
409 3790 433 3877 ¹)
456 3791 497 3857 82
519 3791 584 3856 200
605 3791 669 3858 205
691 3790 754 3856 226
777 3790 838 3854 271
862 3789 925 3856 289
948 3788 1031 3875 (coll.
1052 3813 1082 3853 v.
1099 3791 1160 3855 834
1181 3787 1210 3856 h.
1225 3789 1247 3855 f.

204 4080 230 4151 1)
248 4080 370 4134 numeris
389 4082 453 4135 utor
471 4079 739 4150 Umpfenbaehienis.
