2910 4642
614 254 825 321 -48-

168 424 257 489 libris
286 425 395 489 invitis
424 426 553 490 inversa
583 427 807 513 pronominum
838 425 1003 491 collocatio
1030 436 1137 494 exstet
1158 430 1191 493 in
1213 429 1279 492 edi·

168 526 324 593 tionibus:
1132 530 1136 538 '

254 632 287 717 1)
309 630 370 695 Ad.
395 630 456 695 749
478 629 550 715 (IV,
574 632 602 707 7,
624 632 696 717 31):

252 737 304 799 Ira
327 736 375 796 aar
394 731 430 795 di
450 729 556 797 amem
573 747 607 798 ar
628 737 714 800 vtdeo
735 734 833 800 tuam
857 750 923 814 ogo
944 735 1093 820 irreptioni

130 919 133 924 Ι
254 837 307 902 Sic
330 834 480 900 exhibent
502 834 574 903 edd.
599 859 671 900 cum
687 836 716 901 ll.
733 837 890 921 BOEFP3
914 838 983 903 cod.
1006 836 1186 924 Apraebet
1199 836 1279 900 DIB

168 936 417 1004 ENEAMENT
448 947 479 1000 et
507 936 744 1020 EGOTUAM;
773 938 863 1005 codd.
887 940 952 1006 DG
972 928 1029 1023 „dl
1049 944 1171 1006 ameut“
1191 940 1280 1026 (cnm

167 1042 232 1107 rell.
255 1041 299 1125 ll.)
321 1050 354 1104 ct
375 1064 447 1125 „epo
469 1045 574 1104 ruam“
595 1042 681 1126 (cum
704 1044 763 1129 A);
793 1044 943 1108 Donatus
965 1044 1000 1109 in
1021 1045 1126 1111 lemm.
1147 1046 1219 1127 „Ita
1233 1067 1283 1107 me

170 1145 206 1209 di
226 1158 327 1209 ament
347 1158 382 1208 ct
403 1157 469 1222 ugo
490 1145 579 1209 ordeo
600 1144 697 1208 tuum
714 1146 890 1232 ineptiam“
927 1147 965 1211 In
981 1147 1132 1212 Bembini
1147 1147 1284 1211 lectione

169 1248 338 1332 quominus
362 1246 622 1331 acquiescamus,
644 1271 703 1314 nos
725 1247 886 1334 prohiberi
909 1257 1045 1335 apparet
1067 1272 1106 1315 ea
1128 1272 1174 1332 re,
1195 1249 1283 1334 quod

167 1351 242 1413 iusti
266 1350 359 1413 metri
382 1350 462 1414 fines
484 1351 530 1414 ibi
553 1350 774 1436 negleguntur,
796 1373 900 1437 neque
922 1354 1091 1438 quisquam
1113 1354 1147 1417 in
1169 1375 1208 1417 ea
1222 1352 1282 1417 ali-

168 1452 244 1538 quid
274 1451 464 1517 mutandum
496 1473 652 1518 essenon
675 1455 771 1520 videt.
814 1455 859 1519 Et
881 1455 986 1540 siquid
1009 1455 1155 1541 equidem
1178 1453 1285 1534 video,

168 1557 255 1640 prior
276 1576 389 1620 versus
411 1576 488 1639 pars
512 1556 686 1621 secundum
708 1557 901 1623 Bembinum
924 1558 1084 1623 servanda
1106 1566 1169 1638 est,
1193 1568 1227 1623 at
1249 1560 1283 1621 in

168 1659 343 1746 posteriore
374 1659 591 1729 nominativus
620 1664 731 1746 ‚‚epo“,
759 1662 814 1745 qui
843 1669 875 1724 et
903 1662 936 1724 in
959 1661 990 1726 ll.
1020 1672 1053 1725 et
1083 1660 1169 1746 apud
1194 1659 1284 1724 Don.

168 1763 267 1827 variis
297 1784 410 1827 versus
438 1763 516 1827 locis
543 1762 706 1845 tradatur,
738 1763 853 1828 melius
882 1766 1037 1828 omittitur
1057 1762 1154 1849 idque
1176 1764 1223 1826 ita
1247 1771 1286 1826 ut

168 1866 283 1929 leniter
304 1873 427 1931 mutato
450 1865 561 1932 ordine
584 1865 756 1931 verborum
778 1868 824 1931 sio
845 1867 1038 1931 versiculum
1060 1865 1285 1953 reponendum

168 1988 334 2033 censeam:

253 2073 307 2135 Ita
328 2079 378 2136 me
398 2073 433 2136 di
453 2074 526 2137 bene
546 2084 654 2151 ament,
675 2075 709 2135 rit
730 2084 815 2135 tuam
836 2071 925 2136 ordeo
947 2071 1098 2158 iatptc'am

254 2177 289 2260 2)
310 2174 352 2241 ib.
375 2176 437 2240 946
459 2174 512 2260 (V,
534 2174 563 2250 8,
585 2175 658 2261 23):

253 2279 363 2343 Merito
385 2277 447 2342 tuo
468 2277 505 2342 te
526 2300 603 2343 amo.
628 2277 739 2342 Verum
755 2278 765 2360 ll
787 2275 894 2355 Qar‘d?
910 2277 920 2361 ΙΙ
937 2277 1005 2363 Epo
1021 2279 1124 2344 dicam
1139 2278 1196 2344 hoc
1210 2303 1284 2343 cum

372 2383 416 2463 fit,
438 2381 521 2465 quod
539 2380 614 2447 volo.

253 2483 349 2548 Hunc
372 2506 517 2564 versum,
538 2484 629 2548 cuius
651 2482 753 2548 verba
773 2482 939 2546 Bentleius
962 2483 1009 2546 sic
1029 2483 1113 2548 inter
1135 2482 1282 2567 singulas

168 2609 323 2674 personas
346 2586 520 2667 distribuit,
542 2586 709 2672 amplexus
732 2595 782 2650 est
805 2584 961 2649 Fleckeis.
985 2587 1071 2650 etin
1094 2587 1282 2650 universum

170 2693 250 2755 haec
282 2690 395 2755 eadem
426 2690 527 2756 habes
556 2691 590 2753 in
613 2690 662 2771 ll.‚
691 2690 753 2753 nisi
775 2688 862 2774 quod
883 2711 913 2752 v.
937 2689 968 2758 d.
990 2710 1166 2774 pronomen
1193 2695 1282 2770 „tuo“

169 2804 243 2859 ante
265 2795 484 2859 accusativum
507 2797 575 2875 „te“
598 2814 639 2857 ex
661 2813 718 2856 suo
743 2791 874 2871 adiecit,
901 2813 940 2855 ne
962 2814 1076 2856 versus
1098 2791 1281 2857 trochaicus

169 2898 252 2961 inter
285 2896 438 2961 iambicos
470 2904 562 2960 esset.
620 2894 684 2960 Sed
713 2893 799 2958 hunc
828 2892 961 2958 feliciter
997 2893 1075 2958 illud
1105 2916 1281 2981 pronomen

169 3005 257 3081 ‚,luo“
286 3009 398 3064 contra
427 2997 526 3063 libros
556 2999 691 3084 scriptos
722 2997 934 3081 assumpsisse
964 2997 1020 3060 vix
1052 2997 1225 3078 concedes,
1253 3000 1282 3061 si

96 3145 98 3148 >
168 3102 250 3167 alios
272 3102 413 3167 Terentii
441 3100 528 3167 locos
556 3101 728 3165 contuleris
756 3100 845 3164 velut
865 3097 968 3166 Andr.
989 3097 1052 3162 574
1074 3098 1220 3182 „Merito
1242 3100 1280 3164 to

167 3228 285 3290 semper
306 3207 451 3269 mcaeamz·
464 3204 551 3295 βοῶ*
577 3213 610 3268 et
632 3203 715 3268 Eun.
748 3205 824 3269 186:
856 3200 999 3282 „Morilo
1028 3204 1065 3266 lo
1094 3225 1178 3281 amo,
1207 3203 1283 3267 oeae

166 3308 272 3392 facr'a“
293 3308 484 3392 (simillimus
507 3330 585 3371 sane
607 3305 827 3393 Adelphorum
848 3306 973 3387 versui,
1002 3305 1127 3391 dequo
1151 3306 1281 3390 agitur).

168 3411 275 3476 Nihilo
311 3419 417 3475 autem
448 3412 545 3474 setius
576 3410 728 3496 quoniam
757 3408 914 3474 vocabulo
945 3407 1083 3496 quodam
1114 3430 1193 3493 opus
1220 3419 1281 3491 est,

95 3581 99 3589 ,
168 3525 205 3579 ut
231 3513 388 3579 iambicus
418 3513 601 3578 octonarius
628 3512 799 3588 efficiatur,
832 3534 935 3598 neque
971 3512 1083 3576 melius
1104 3510 1281 3597 quidquam

169 3616 247 3680 mihi
270 3628 397 3703 praesto
420 3627 478 3696 est,
501 3637 598 3701 quam
618 3614 771 3680 facillima
786 3615 970 3679 coniectura
986 3615 1112 3695 Mureti,
1135 3617 1189 3700 qui
1205 3636 1279 3701 pro-

170 3742 284 3784 nomen
309 3720 419 3808 „qat'd“
441 3719 626 3804 geminavit,
648 3741 713 3783 non
728 3717 832 3782 habeo
848 3739 905 3781 cur
919 3739 1058 3800 versum,
1074 3716 1177 3803 qualis
1192 3716 1281 3803 apud

170 3822 276 3910 Umpl.
298 3823 422 3906 legitur,
447 3822 611 3887 damnem:

255 3929 366 3992 Merito
393 3939 420 3990 te
448 3950 517 3991 cmo
532 3928 543 4012 ΙΙ
569 3929 680 3991 Vercim
708 3923 807 4008 quid?
834 3922 911 4008 quid
932 3946 986 4009 epo
1007 3926 1110 3990 dicam
1131 3923 1188 3988 hoc
1209 3947 1281 3987 man

375 4031 418 4111 fit,
441 4029 524 4114 qaod
544 4029 630 4094 colo?
