2910 4642
684 279 872 349 ..2..

221 448 256 519 in
277 456 438 541 integrum
460 455 712 522 restituerentur.
750 456 859 542 Atque
881 464 992 521 nostra
1007 456 1134 542 quidem
1150 463 1256 521 aetate
1272 456 1334 522 duo

222 558 367 644 inprimis
389 581 442 623 vv.
466 557 517 622 dd.
539 558 727 623 nominandi
750 570 842 642 sunt,
865 582 945 646 quos
970 561 1086 644 optime
1110 582 1188 623 sane
1210 558 1271 623 hac
1295 559 1334 623 de

222 683 258 725 re
287 663 418 726 meritos
448 682 518 726 esse
546 682 640 725 nemo
668 662 816 751 negabit,
847 662 884 728 Ο.
915 662 1107 748 Seyffertum
1140 660 1210 726 dico
1242 671 1274 726 et
1302 662 1333 727 J.

222 765 377 830 Brixium.
408 765 552 846 Quorum
566 764 705 852 priorem
719 767 907 851 praesertim
922 765 956 829 in
972 765 1110 845 „Sasdr'is
1120 764 1299 831 Plautisds“
1309 766 1334 850 2)

224 868 466 934 collocationem
481 867 691 953 complurium
705 867 877 932 verborum
893 869 1132 933 accuratissime
1143 868 1334 933 tractavisse

223 970 381 1052 videmus,
396 971 526 1036 Brixius
542 979 650 1034 autem
673 972 708 1035 in
724 971 918 1036 editionibus
934 993 1015 1057 quas
1029 972 1168 1036 instituit
1182 980 1334 1059 quattuor

221 1075 405 1140 fabularum
426 1075 646 1139 Plautinarum
670 1075 790 1161 optimo
813 1076 882 1139 iure
906 1077 1033 1162 saepius
1045 1075 1070 1161 ³)
1092 1076 1217 1139 monuit
1238 1084 1334 1161 atque

224 1178 380 1243 similibus
410 1176 488 1243 locis
518 1178 641 1245 collatis
672 1178 826 1259 ostendit,
857 1179 969 1265 quanti
1000 1179 1041 1242 sit
1066 1179 1218 1243 momenti
1240 1200 1334 1242 voca·

224 1280 371 1347 bulorum
395 1281 482 1349 ordo.
525 1282 599 1346 Hac
622 1282 720 1366 igitur
743 1281 857 1347 ductus
880 1285 1004 1347 ratione
1029 1281 1238 1367 Seyffertuse)
1268 1282 1333 1367 pri-

223 1406 294 1448 mus
331 1392 488 1471 quantum
526 1386 592 1450 scio
620 1385 717 1470 paulo
745 1384 874 1453 uberius
905 1384 1059 1472 exemplis
1088 1406 1128 1449 ex
1157 1384 1273 1450 Plauto
1303 1393 1335 1449 et

224 1487 374 1554 Terentio
403 1488 543 1553 collectis
574 1488 681 1553 docuit
708 1487 794 1573 apud
821 1490 958 1554 comicos
986 1496 1098 1574 poetas
1120 1488 1336 1552 nominativos

222 1604 349 1677 gomet,
378 1604 453 1670 tate,
481 1603 612 1671 nosmet,
637 1603 766 1675 coornet,
796 1594 943 1677 quotiens
972 1593 1006 1656 in
1035 1590 1148 1657 eodem
1170 1591 1335 1654 enuntiato

224 1696 462 1780 coniunguntur
489 1714 563 1757 cum
590 1693 696 1779 aliquo
726 1715 804 1759 casu
826 1694 956 1782 obliquo
978 1695 1204 1782 pronominum
1226 1715 1333 1779 perso-

223 1797 342 1861 nalium
365 1798 416 1862 vel
438 1799 694 1884 possessivorum
716 1797 859 1862 eiusdem
880 1820 1055 1884 personae,
1084 1799 1210 1882 praeire
1233 1795 1335 1862 solere

131 1961 133 1965 .
223 1900 273 1964 his
294 1899 521 1986 pronominum
543 1900 683 1966 casibus.
726 1901 821 1967 Hanc
840 1924 937 1989 quam
952 1902 1144 1967 monstravit
1159 1900 1334 1986 Seyffertus

223 2006 310 2068 viam
332 2025 434 2089 nuper
456 2004 560 2069 denuo
583 2005 749 2089 ingressus
770 2013 820 2069 est
841 2004 1053 2090 Mahlerus⁶),
1077 2005 1130 2090 qui
1152 2027 1216 2092 quo
1239 2005 1334 2071 modo

223 2106 359 2172 Plautus
381 2109 414 2171 in
425 2159 426 2168 .
438 2107 551 2173 eodem
575 2107 739 2172 enuntiato
762 2110 954 2196 pronomina
968 2107 1151 2195 personalia
1166 2108 1336 2197 disponere

224 2208 327 2274 soleat
347 2231 468 2294 magna
490 2232 562 2275 cum
584 2210 744 2275 industria
766 2211 949 2299 explicavit.
993 2211 1101 2297 Atque
1117 2211 1194 2275 mihi
1210 2233 1336 2298 quoque

223 2313 441 2400 perlustratis,
464 2322 501 2377 ut
522 2313 619 2379 altius
641 2335 868 2398 cognoscerem
891 2313 1132 2380 collocationem
1153 2316 1335 2395 verborum,

224 2416 367 2482 Terentii
397 2415 514 2481 fabulis
544 2419 659 2483 certior
690 2419 724 2482 in
755 2418 822 2483 dies
850 2417 948 2482 fiebat
974 2419 1132 2482 sententia
1154 2420 1251 2483 etiam
1273 2417 1333 2482 Te·

223 2522 362 2585 rentium
382 2522 417 2585 in
439 2521 626 2586 ordinandis
649 2522 891 2607 pronominibus
913 2530 979 2586 tam
999 2521 1222 2610 personalibus
1237 2542 1333 2606 quam

223 2624 354 2711 reliquis
385 2623 514 2689 easdem
541 2624 591 2691 vel
614 2625 732 2690 similes
754 2634 898 2690 secutum
920 2647 991 2690 esse
1012 2627 1100 2710 leges
1123 2634 1218 2709 atque
1240 2623 1335 2689 Plau·

223 2737 301 2795 tum.
359 2728 424 2794 Sed
458 2738 567 2793 tamen
604 2728 665 2794 hoc
695 2729 802 2793 statim
833 2737 945 2793 contra
975 2726 1113 2792 Mahleri
1143 2729 1333 2792 sententiam

224 2831 439 2919 praemonebo
475 2855 605 2898 normas
634 2831 720 2910 illas,
757 2832 931 2897 secundum
961 2854 1041 2918 quas
1078 2833 1174 2896 etiam
1210 2840 1333 2897 ceteros

223 2943 351 3022 praeter
381 2936 599 2999 accusativum
628 2956 723 2999 casus
752 2932 896 3022 obliquos
925 2935 1009 3000 iuter
1039 2957 1073 3000 se
1096 2934 1247 3019 coniungi
1273 2936 1332 2999 sibi

223 3040 368 3128 finxit⁶)‚
399 3038 602 3103 Terentianis
631 3038 759 3125 quidem
787 3037 941 3126 exemplis
962 3060 1033 3104 meo
1055 3037 1173 3102 iudicio
1196 3060 1260 3102 non
1282 3037 1333 3100 fir-

224 3145 321 3227 mari,
342 3143 376 3207 id
398 3141 484 3228 quod
505 3140 601 3228 paulo
624 3140 709 3205 infra
731 3141 773 3228 (p.
795 3142 837 3206 27
861 3142 942 3227 sqq.)
964 3163 1005 3206 ex
1026 3140 1105 3226 ipsis
1127 3140 1204 3205 locis
1228 3139 1332 3203 allatis

224 3248 302 3313 satis
324 3244 469 3311 elucebit.
1279 3307 1282 3314 .

310 3349 426 3414 Totam
449 3348 548 3433 igitur
567 3348 744 3429 materiem,
767 3369 864 3433 quam
878 3355 1076 3432 pertractare
1089 3345 1167 3409 mihi
1182 3344 1335 3431 proposui

226 3459 380 3538 quattuor
402 3451 562 3538 capitibus
585 3450 632 3515 sic
654 3449 843 3515 distribuam
865 3460 901 3515 ut
922 3459 1039 3534 agatur

293 3659 322 3727 2)
339 3674 430 3728 progr.
449 3655 537 3711 Berol.
554 3672 580 3714 a.
600 3655 680 3724 1874;
698 3657 731 3710 ct'.
749 3673 794 3725 pp.
812 3657 830 3710 4
847 3673 906 3726 sqq.
924 3656 948 3709 9.
968 3654 1008 3709 18.
1026 3654 1068 3709 21.
1087 3653 1122 3708 24
1139 3670 1198 3723 sqq.

294 3745 322 3814 3)
339 3760 363 3799 e.
380 3762 407 3814 g.
425 3743 459 3798 cf.
478 3743 583 3798 adnott.
602 3743 637 3797 ad
655 3743 729 3797 Trin.
747 3760 791 3798 vv.
810 3743 834 3797 3.
853 3743 895 3798 29.
913 3741 973 3795 634.

292 3832 320 3901 4)
339 3831 369 3884 in
385 3830 515 3901 philologi
531 3830 583 3886 vol.
602 3829 687 3889 XXV.
705 3848 732 3900 p.
749 3831 802 3885 459
817 3847 877 3899 sqq.

293 3919 320 3989 5)
336 3917 366 3972 in
383 3918 444 3972 diss.
464 3918 558 3987 inaug.
576 3916 728 3987 Gryphisw.
768 3917 829 3982 „Da
841 3915 1033 3984 pronominum
1046 3915 1235 3982 paronaliam
1257 3915 1336 3982 apud
1445 3967 1449 3974 ,

224 4003 355 4058 Plautum
371 4005 562 4059 comatico&
581 4003 716 4060 Oussalini
734 4003 809 4058 1876.

294 4092 322 4162 6)
339 4091 357 4145 l.
375 4091 392 4146 1.
410 4109 455 4162 pp.
474 4091 585 4149 38-42.
