2910 4642
602 282 814 347 -13-

239 453 272 537 1)
294 451 422 516 Phorm.
447 451 530 516 1048
552 450 606 535 (V,
628 455 658 534 9,
680 454 749 538 59):

237 549 288 620 ‘Er
310 569 435 642 practer
465 579 549 640 sporn
565 560 576 642 ΙΙ
592 556 646 622 Tu
666 556 734 622 tibi
754 579 862 621 comen
884 556 936 620 do
957 555 1033 640 qaid
1054 568 1098 627 cst
1114 556 1125 640 ΙΙ
1141 555 1263 620 Malles?

359 656 514 722 Phormio.

239 761 293 826 Sic
314 782 442 825 versum
466 762 594 848 scripsit
615 763 725 851 Umpf.
748 784 822 827 cum
842 761 999 843 Bentleio3
1020 762 1083 826 nisi
1105 760 1191 847 quod
1212 761 1266 826 hie

152 865 221 944 „dic
248 865 331 948 qaod
356 864 417 928 est?
432 864 442 948 ΙΙ
460 865 581 930 Mean.
625 866 664 931 In
693 865 786 932 codd.
809 866 889 930 haec
912 864 1075 949 leguntur:
1107 877 1157 945 „tu
1179 877 1266 929 tuam

151 991 261 1032 nomen
277 969 336 1036 ,dic
356 968 439 1050 qaod
460 966 586 1055 [QUID
608 968 639 1033 A
663 967 762 1056 solus]
785 969 850 1034 est?
873 968 997 1034 Mihin?
1018 969 1191 1034 Plsormab‘fl

239 1070 290 1134 De
312 1070 419 1135 causis
441 1091 498 1134 cur
520 1092 568 1152 ea
590 1094 673 1158 quae
695 1071 859 1137 Bentleius
882 1094 923 1137 ex
941 1072 1044 1156 Regio
1067 1071 1207 1158 quodam
1231 1094 1265 1136 se

159 1174 334 1260 sumpsisse
355 1172 519 1237 contendit
539 1175 559 1238 i.
575 1197 601 1242 e.
616 1164 718 1241 verba
732 1176 793 1258 „tu
808 1174 875 1240 titi
889 1180 1015 1240 πονηεπιι
1030 1198 1088 1263 pro
1104 1178 1266 1261 ceteroqui

154 1276 280 1341 traditis
309 1289 360 1356 „ta
389 1289 488 1340 taam
508 1285 634 1369 comca“
660 1278 823 1343 reicienda
853 1277 917 1343 sint
946 1287 978 1342 et
1009 1300 1065 1342 cur
1099 1289 1266 1365 praeterea

154 1379 267 1445 modus
300 1379 537 1444 coniuncfivus‘
554 1383 587 1444 in
619 1382 775 1446 eiusmodi
804 1380 1108 1465 interrogationibus
1130 1380 1266 1469 obliquis

153 1483 331 1568 flagitetur,
364 1491 512 1548 accurate
544 1505 645 1570 nuper
676 1487 823 1571 exposuit
851 1484 912 1548 Ed.
935 1483 1160 1570 Beckerusa).
1204 1485 1267 1548 Hic

154 1596 260 1652 autem
276 1586 327 1650 vir
348 1584 461 1650 doctus
476 1608 548 1651 cum
565 1587 669 1651 autin
684 1586 889 1652 Fleckeiseni
905 1589 1065 1673 scriptura
1080 1627 1120 1636 —
1136 1597 1265 1674 recepto

155 1698 280 1754 tantum
303 1688 454 1753 Bembini
475 1691 663 1776 pronomine
686 1692 798 1775 „paid‘
822 1727 860 1739 ·-
887 1691 1155 1777 acquiescendum
1177 1700 1267 1778 putet

239 1785 292 1856 'Et
303 1804 429 1877 praeter
443 1815 527 1878 spem
544 1793 555 1876 ΙΙ
576 1793 624 1856 Tc
638 1807 723 1858 taum
739 1796 792 1860 dic
805 1795 913 1860 comen
928 1797 1007 1879 qaid
1019 1798 1068 1863 ait.
1085 1797 1095 1880 ΙΙ
1113 1794 1267 1859 Phormio.

239 1904 296 1960 aut
318 1895 364 1959 sic
385 1893 566 1979 legendum.

242 1993 292 2064 'Et
306 2011 435 2084 praeter
456 2023 540 2084 apem
556 2000 568 2084 ΙΙ
589 2002 638 2066 Tc
658 2015 744 2066 tuum
765 2025 872 2067 nornen
895 2000 948 2067 dic
962 2001 1069 2087 [mila]
1085 2000 1163 2084 quid
1175 2001 1224 2064 sit.
1242 1999 1252 2080 ΙΙ

362 2101 516 2168 Phormio.

240 2206 319 2271 illud
343 2215 392 2270 est
413 2215 449 2270 ut
470 2207 692 2294 respiciamus,
716 2207 803 2294 quod
819 2206 983 2272 Daiatzko
995 2210 1035 2289 ⁴⁷)
1057 2213 1170 2269 contra
1184 2203 1268 2267 hanc

158 2311 291 2375 alteram
324 2307 492 2374 lectionem
527 2298 673 2397 protulit,
709 2320 742 2375 et
770 2311 816 2375 illi
845 2311 944 2396 priori
974 2330 1100 2396 quoque
1130 2305 1270 2372 Beckeri

157 2416 335 2499 scripturae
357 2413 516 2499 praefero,
539 2434 622 2498 quae
643 2415 713 2501 ipse
728 2413 893 2478 Daiatzko
916 2415 949 2476 in
965 2413 1102 2478 editione
1117 2408 1267 2497 praebet:

240 2509 293 2582 'Et
300 2528 428 2602 praeter
441 2539 526 2600 apem
543 2517 554 2602 ll
574 2516 624 2580 Tc
637 2530 723 2581 taam
737 2541 845 2581 nomen
857 2514 925 2580 debe
935 2517 1013 2601 qaid
1022 2516 1071 2580 ait.
1089 2515 1100 2598 ΙΙ
1116 2512 1268 2576 Phormio.

241 2619 367 2686 Eadem
389 2618 493 2687 forma
514 2619 698 2706 imperativi
720 2627 850 2706 recepta
873 2623 969 2684 etiam
990 2616 1150 2685 Fleckeis.
1173 2615 1271 2680 alium

156 2723 300 2788 Terentii
321 2743 450 2787 versum

243 2827 321 2892 Hec.
344 2827 407 2892 803
428 2824 482 2910 (V,
504 2827 534 2908 3,
555 2827 607 2910 bl:

243 2922 462 2994 ‘laedam
477 2929 667 3011 adulescens,
683 2930 750 2994 dice
764 2930 838 2993 dam
852 2950 974 3014 quaeso,
989 2949 1021 2990 ea
1035 2938 1069 2990 ta
1083 2920 1270 3011 My'coaias?

243 3031 344 3097 multo
373 3030 475 3096 lenius
507 3053 640 3097 sanasse
669 3030 748 3095 mihi
769 3032 897 3098 videtur
926 3051 1023 3116 quam
1044 3027 1112 3096 rell.
1135 3049 1187 3093 vv.
1209 3024 1272 3105 dd.,

159 3138 214 3225 qui
244 3135 398 3200 traditam
430 3133 602 3199 verborum
635 3135 877 3200 collocationem
907 3142 1069 3199 mutantes
1100 3133 1146 3196 sio
1173 3129 1270 3193 finem

158 3263 270 3307 versus
292 3239 468 3302 finxerunt:

374 3341 427 3406 dic
449 3343 524 3406 dum
547 3348 672 3426 quaeso,
694 3355 749 3406 tarr
770 3366 803 3406 aa
824 3335 1014 3427 Myconius?

245 3449 277 3534 2)
300 3445 401 3511 Andr.
424 3445 487 3510 548
510 3443 584 3529 (III,
607 3445 637 3526 3,
661 3445 731 3531 16):

253 3549 379 3634 Utrique
398 3550 436 3613 id
455 3562 484 3612 cc
503 3571 556 3612 oro
577 3554 612 3612 to
633 3571 788 3612 commane
806 3560 842 3611 at
861 3545 970 3611 masal
1006 3597 1013 3611 .

245 3653 350 3718 Huius
365 3650 511 3715 codicum
527 3651 672 3714 lectionis
688 3650 778 3715 hiatu
791 3651 875 3715 inter
888 3645 1049 3713 vocabula
1063 3650 1150 3724 „cro“
1166 3651 1198 3708 et
1209 3648 1270 3724 „ra“

161 3759 301 3824 admisso
334 3777 427 3820 nemo
457 3755 519 3820 nisi
547 3754 687 3819 Ritterus
720 3753 933 3840 patrocinium
963 3750 1103 3834 suscepit
1132 3745 1206 3827 sed,
1235 3754 1272 3808 ut

229 3999 276 4069 46)
293 3997 322 4050 in
340 3993 521 4049 studemundi
539 3992 635 4047 madiis
654 3993 717 4046 fasc.
736 3991 756 4046 Ι.
775 4009 801 4060 p.
823 3989 875 4043 169
892 4005 952 4057 sqq„

229 4088 275 4157 47)
293 4086 322 4138 in
340 4082 456 4153 append.
475 4081 535 4135 crit.
554 4079 591 4134 ad
610 4078 636 4132 h.
654 4096 681 4133 v.
