2910 4642
618 262 830 341 ..49...v

253 439 422 512 Postremo
444 467 544 511 unum
565 446 671 512 looum

252 546 314 612 Ad.
339 549 400 614 712
421 547 493 634 (IV,
514 551 545 630 5,
568 551 639 636 ldlz

254 650 316 714 Sed
335 656 422 718 cesso
443 653 490 717 ire
507 653 598 735 latro,
618 661 661 718 ne
669 674 775 718 morae
788 650 878 718 111118
893 653 1014 739 nopae
1029 652 1170 733 egomdt
1182 652 1284 719 seem?

167 774 232 818 non
253 762 320 818 tam
346 766 418 819 eum
442 754 597 841 Seyfferto
610 758 653 842 22)
674 755 736 820 hoo
757 756 853 821 modo
876 757 1111 847 immutaverim

252 857 315 922 Sed
328 866 414 925 sesso
435 857 482 922 ire
502 858 582 923 intro
601 865 643 924 aa
661 882 765 924 morae
786 857 929 938 egomet
943 858 1033 924 mols
1049 860 1170 945 nuptiis
1184 860 1283 926 soem?

254 998 293 1010 -
317 983 391 1026 oum
414 959 523 1025 hiatus
544 962 628 1027 inter
650 984 746 1027 voees
768 968 905 1042 ,prorod‘
928 969 961 1026 et
982 968 1128 1048 ,1911111ι
1150 984 1281 1050 quomo-

168 1063 209 1129 do
239 1066 388 1130 excusari
416 1065 533 1152 possit,
561 1067 640 1130 mihi
661 1088 727 1131 non
749 1066 962 1154 perspiciatur
984 1103 1027 1129 .-
1049 1087 1146 1152 quam
1167 1069 1215 1133 sio
1235 1089 1284 1131 re-

168 1169 309 1235 scribere
330 1171 364 1234 in
387 1169 494 1234 animo
517 1178 581 1234 est:

254 1273 318 1337 Sed
330 1277 415 1337 cesso
431 1274 476 1337 r're
489 1272 629 1353 intranei
640 1270 900 1362 egomobmorod
908 1271 998 1335 mels
1009 1274 1129 1358 nuptiis
1139 1273 1284 1360 ererum)

258 1377 332 1441 Hor·
359 1377 394 1440 in
424 1377 529 1463 capite
560 1375 657 1438 etiam
688 1373 728 1439 de
758 1375 805 1439 eis
827 1374 991 1456 versibus,
1020 1377 1054 1440 in
1077 1376 1194 1461 quibus
1216 1378 1287 1441 vioe
1337 1398 1339 1403 ·

169 1502 266 1544 versa
291 1481 343 1545 vel
365 1470 583 1543 nominativus
597 1477 649 1542 vel
671 1477 874 1542 aecusativus
896 1479 1094 1564 pronominis
1117 1479 1284 1544 cuiusdam

170 1585 347 1670 possessivi
379 1591 540 1647 structura
571 1581 781 1664 coniungitur,
805 1601 878 1644 oum
909 1601 988 1645 oasu
1018 1580 1146 1667 obliquo
1169 1603 1286 1667 prono·

168 1685 264 1748 minis
287 1683 454 1749 cuiusdam
477 1683 665 1771 personalis,
680 1684 837 1749 disserere
852 1683 931 1747 mihi
946 1683 1021 1748 olim
1035 1706 1283 1772 proposueram3

169 1789 226 1854 sed
257 1810 320 1874 quo
349 1789 477 1873 saepius
500 1810 555 1852 eos
577 1788 664 1873 ipsos
686 1787 774 1852 looos
795 1787 1041 1874 perlustrabam,
1063 1809 1100 1852 eo
1123 1790 1227 1872 magis
1250 1791 1284 1871 in

169 1890 257 1956 illam
286 1891 454 1956 veniebam
486 1891 677 1956 sententiam
707 1889 757 1954 his
787 1890 916 1977 quidem
947 1892 982 1954 in
1003 1889 1152 1954 versibus
1178 1899 1283 1956 certas

169 1993 327 2080 quasdam
351 2016 481 2059 normas
504 1995 601 2059 statui
623 2016 687 2059 non
709 2016 813 2080 posse,
836 1994 899 2058 nisi
915 1994 986 2081 quis
1002 2013 1128 2078 semper
1143 1993 1185 2059 ad
1201 2017 1285 2060 sum-

168 2120 238 2162 mas
261 2097 423 2181 refugeret
445 2099 599 2182 argutias.

253 2200 368 2286 Itaque
390 2201 440 2264 his
463 2202 542 2266 loeis
564 2201 718 2285 neglectis
733 2199 879 2286 protinus
896 2197 938 2261 ad
953 2219 993 2262 ea
1007 2200 1192 2283 transgredi
1206 2201 1284 2266 mibi

167 2304 272 2385 liceat,
295 2306 432 2390 quaein
456 2304 568 2368 ultimo
592 2305 696 2390 eapite
719 2325 770 2367 me
792 2310 1005 2391 tractaturum
1028 2323 1128 2388 supra
1142 2306 1283 2388 promisi

518 2541 520 2544 ,
618 2478 739 2574 Caput
764 2478 824 2550 IV.

254 2610 386 2697 Aliquot
402 2620 477 2675 sunt
487 2611 573 2705 anni,
585 2620 755 2697 postquam
766 2607 970 2691 Ritsohelius‚
981 2629 1054 2672 oum
1067 2608 1247 2694 disputaret
1256 2611 1282 2696 1)

167 2714 208 2778 de
230 2713 371 2779 Plautini
392 2714 503 2778 Militis
519 2713 658 2779 Gloriosi
680 2709 869 2798 argumento
892 2710 1080 2791 aeroatioho,
1103 2711 1146 2775 ad
1169 2734 1281 2776 versus

170 2819 276 2904 quarti
305 2818 406 2883 verba
435 2819 550 2898 „eidem
578 2818 641 2882 idt‘
674 2825 787 2883 eontra
814 2814 948 2902 Pyladis
975 2814 1192 2879 inversionem
1218 2815 1288 2897 „illi

168 2924 284 2987 erilem“
305 2919 366 2985 hoo
391 2921 500 3009 posuit
520 2921 555 3008 (l
577 2920 597 2988 l.
619 2945 649 3008 p.
671 2921 748 3006 418)
771 2920 901 2985 comicis
921 2918 1027 3006 poetis
1042 2939 1112 2982 esse
1127 2921 1283 2983 usitatum
1381 2960 1384 2967 ·

168 3046 290 3089 morem
326 3023 477 3108 loquendi
509 3023 792 3106 praemittere,
795 3022 927 3099 idem“
963 3037 1043 3085 enm
1074 3022 1283 3103 pronomine

170 3125 450 3192 demonstrativo
472 3126 632 3192 iunctum
654 3143 725 3193 non
746 3127 974 3209 postponere.

255 3230 320 3296 Sed
335 3228 381 3295 ibi
396 3231 547 3315 quoniam
565 3239 755 3318 praeceptor
769 3229 966 3295 clarissimus
982 3228 1174 3292 sententiam
1190 3250 1282 3292 suam

169 3335 323 3421 exemplis
360 3330 553 3420 quibusdam
581 3354 622 3395 ex
643 3333 760 3397 Plauto
790 3341 822 3396 et
851 3332 1002 3397 Terentio
1033 3331 1138 3395 allatis
1170 3330 1281 3396 adum-

238 3557 285 3626 22)
300 3557 329 3611 in
346 3555 439 3627 philol.
456 3555 510 3610 vol.
528 3554 605 3609 XXV
622 3574 649 3626 p.
666 3555 727 3610 461.

236 3643 284 3711 23)
299 3659 387 3712 nuper
410 3644 496 3698 etiam
518 3644 570 3698 hoo
593 3643 710 3696 fortasse
733 3641 837 3713 optimo
859 3641 920 3694 iure
947 3639 1055 3694 monuit
1073 3638 1152 3694 Conr.
1176 3639 1193 3693 l.
1217 3640 1235 3695 l.
1253 3659 1279 3711 p.

168 3729 203 3783 68
231 3748 271 3799 sq.
295 3747 358 3784 oum
383 3731 490 3800 Guyeto
515 3732 544 3784 et
565 3728 690 3784 Bentleio
712 3728 831 3785 formam
854 3727 1072 3796 monosyllabum
1096 3727 1181 3792 „aim“
1205 3743 1282 3795 prae·

168 3817 309 3873 ferendam
326 3833 384 3871 1111
401 3818 477 3872 libris
494 3816 613 3872 traditae
631 3818 739 3883 ‚,riem¹·,
758 3815 846 3870 uthis
857 3829 966 3883 quoque
978 3828 1081 3877 versus,
1095 3813 1167 3867 sieut
1178 3814 1283 3885 priores

168 3905 290 3975 quinque
307 3904 381 3973 1111,
400 3905 532 3960 iambicus
549 3904 721 3975 septenarius
739 3905 796 3958 fiat.

238 3993 266 4062 l)
282 3991 312 4044 in
324 3990 461 4060 prooemio
472 3992 569 4046 indiois
582 3993 738 4047 scholarum
749 3991 927 4045 hibernarum
941 3986 1127 4042 Bonnensium
1140 4002 1165 4039 a.
1180 3986 1283 4041 1851-

168 4080 201 4135 52
219 4105 254 4130 =
272 4096 365 4148 opuso.
383 4077 475 4147 philol.
495 4077 530 4133 ll.
548 4097 574 4147 p.
593 4079 740 4134 400-422.
1054 4160 1072 4212 4
