2910 4642
617 294 831 358 -37-

170 463 236 525 sius
253 462 298 545 l⁷).
334 460 457 527 Contra
472 463 546 545 De,
568 465 623 550 qui
645 465 719 529 libri
742 487 819 529 sane
841 486 996 550 persaepe
1020 468 1076 531 soli
1099 479 1281 552 congruunt

170 587 241 629 cum
264 564 423 631 Bembina
453 565 608 653 praebent
636 567 722 632 hunc
744 591 872 633 versum
898 570 1000 634 iustos
1024 572 1143 636 senarii
1163 571 1279 638 limites

170 668 373 733 excedentem
949 688 952 694 ·

255 774 356 857 Atque
369 773 446 836 adeo
461 771 499 835 in
513 771 591 854 ipso
602 785 733 858 tempore
742 797 843 838 cecam
855 773 971 855 ipsum
984 774 1103 838 obuiam
1119 775 1278 842 Chremem.

252 874 298 939 Et
319 874 484 940 Donatum
513 896 639 961 quoque
662 876 706 941 ibi
728 878 904 942 accusativi
926 878 1061 941 formam
1084 879 1276 959 „Obremem“

167 980 200 1042 in
224 977 400 1061 exemplari
423 999 480 1041 suo
503 977 620 1060 legisse
647 981 725 1043 satis
746 979 922 1044 luculenter
944 983 1092 1066 exposuit
1114 982 1280 1047 Bentleius

168 1102 273 1166 neque
299 1102 427 1166 possum
458 1102 522 1144 non
553 1081 701 1145 assentiri
730 1080 804 1146 huic
833 1085 903 1147 viro
927 1085 1135 1167 sagacissimo
1158 1086 1279 1169 inille,

170 1183 256 1269 quod
286 1184 505 1249 accusativum
526 1183 719 1262 ‚‚0bremem“
749 1186 781 1248 in
811 1195 927 1271 poetae
957 1187 1064 1252 verbis
1088 1189 1280 1253 servandum

171 1296 286 1351 censet.
331 1286 396 1351 Sed
426 1296 552 1351 tantum
580 1286 672 1351 abest
701 1296 736 1352 ut
764 1287 843 1352 mihi
859 1287 950 1353 idem
972 1292 1023 1354 vir
1045 1312 1188 1355 summus
1210 1313 1279 1379 per·

171 1390 306 1454 suaserit
327 1412 407 1454 voce
428 1391 588 1471 ‚,obva'am“
611 1391 713 1456 eiecta
735 1392 939 1457 scribendum
963 1414 1049 1458 esse:

251 1493 355 1580 ¹Atque
377 1494 454 1558 ddao
475 1493 512 1557 in
534 1492 613 1574 ipso
634 1499 765 1579 tempore
786 1519 888 1560 mam
910 1495 1027 1578 ipsum
1053 1497 1205 1561 Chremem

168 1604 203 1660 ut
230 1595 272 1659 ad
302 1617 348 1674 ea,
378 1618 460 1681 quae
484 1595 673 1677 Goveanus,
694 1598 736 1660 D.
760 1597 926 1678 Heinsius,
957 1599 1011 1663 alii
1034 1607 1280 1684 proposuerunt,

170 1720 266 1784 quam
288 1699 432 1784 proxime
455 1699 611 1764 accedens
635 1700 681 1764 sic
703 1701 769 1765 fere
791 1701 984 1766 versiculum
1006 1701 1071 1785 legi
1093 1701 1205 1765 velim:

255 1801 358 1885 Atque
378 1803 454 1866 rideo
475 1803 509 1866 ia
532 1816 664 1888 tempore
686 1804 804 1868 obviam
827 1830 929 1869 ercam
949 1808 1056 1891 specim
1082 1805 1246 1870 Obranam.

256 1903 329 1984 Qua
350 1906 384 1969 in
406 1905 565 1989 scriptura
581 1928 622 1970 ne
637 1906 715 1969 illud
730 1907 858 1992 quidem
873 1908 968 1993 plane
982 1908 1136 1993 neglegas
1152 1929 1282 1993 quaeso,
1307 1925 1318 1938 “

169 2029 265 2092 quam
286 2006 389 2085 facile,
411 2009 563 2093 quoniam
585 2012 639 2089 ,a'a
662 2010 854 2095 temporam)
879 2019 912 2074 et
933 2014 984 2090 „in
999 2012 1067 2097 §2230
1082 2017 1228 2095 tempora
1242 2009 1281 2095 19)
1386 2068 1388 2074 Ι

168 2111 348 2196 promiscue
371 2109 567 2176 adhibentur
589 2135 609 2176 a
625 2113 784 2194 Terentio,
807 2112 894 2180 hunc
915 2115 948 2178 in
963 2137 1091 2179 versum
1106 2135 1281 2200 pronomen

169 2215 272 2299 „apem
293 2217 434 2300 irrepere
455 2218 604 2301 potuerit.

255 2317 289 2400 2)
311 2316 409 2384 Haut.
431 2318 495 2382 685
517 2317 588 2404 (IV,
609 2320 638 2399 3,
663 2320 708 2403 7):

255 2416 425 2500 Cuiquam
446 2426 543 2505 adque
563 2421 685 2487 audacti
704 2422 860 2487 commode
880 2423 1066 2502 quicquam
1088 2423 1240 2487 domasse?
1255 2434 1266 2505 n

376 2524 476 2590 Natta.

255 2627 352 2691 Hauc
367 2649 464 2713 quam
480 2629 601 2714 primus
616 2628 783 2714 proposuit
795 2627 959 2693 Bentleius
972 2650 1085 2693 versus
1098 2629 1283 2715 speciem20)

170 2751 242 2794 recc
267 2730 337 2794 edd.
360 2740 558 2817 receperunt,
580 2751 774 2816 quamquam
796 2731 866 2816 ipse
882 2730 985 2796 Bentl.
1001 2731 1043 2795 ad
1059 2734 1281 2797 commendan-

171 2833 245 2896 dam
267 2854 357 2896 suam
373 2835 590 2908 coniecturam
605 2833 685 2897 nihil
700 2832 832 2920 protulit
847 2833 909 2898 nisi
925 2833 1020 2898 haec:
1042 2835 1105 2919 lepa
1120 2838 1282 2921 „arriperem

170 2942 281 3020 aeqae“
305 2931 474 3015 Cuiquam
507 2936 710 3017 quicquam:
734 2952 925 3017 numquam
948 2935 1154 3016 quiequam:
1177 2940 1212 3001 m
1234 2937 1283 3001 tis

164 3041 289 3124 placeat
310 3040 377 3104 sibi
391 3038 516 3104 Comici.
563 3039 627 3105 Sed
651 3042 801 3126 quoniam
825 3063 923 3127 supra
939 3040 1159 3105 demonstrare
1175 3041 1282 3104 conati

171 3165 280 3207 sumus
303 3151 449 3228 poetam,
479 3144 505 3206 si
531 3165 567 3207 re
588 3165 667 3207 vera
688 3146 868 3228 ‚‚em‘qaam“
891 3151 922 3208 et
944 3142 1144 3227 ,‚qaicquam“
1166 3142 1227 3207 hoc
1249 3144 1282 3207 in

169 3268 266 3311 versu
289 3245 524 3326 coniunxisset,
556 3247 776 3310 accusativum
809 3246 1060 3332 praemissurum
1083 3245 1199 3326 fuisse,
1231 3246 1281 3309 vel

170 3350 242 3414 ideo
266 3348 442 3439 sententiae
473 3349 535 3411 viri
557 3349 733 3413 doctissimi
756 3349 947 3418 diffidemus.
991 3349 1145 3413 Fortasse
1175 3359 1281 3414 autem

241 3571 285 3643 17)
302 3572 332 3625 in
351 3570 550 3641 „Studemnndi
570 3569 685 3625 studiis“
703 3588 729 3639 p.
747 3571 788 3624 62.

240 3659 285 3728 18)
301 3660 385 3713 Andr.
408 3660 471 3722 7583
499 3658 583 3712 Haut.
607 3657 672 3721 3643
691 3657 798 3712 Phorm.
821 3658 886 3723 464,
905 3657 999 3712 eodem
1018 3673 1100 3712 sensu
1117 3658 1283 3726 usurpatum

135 3745 150 3761 “
169 3746 253 3800 habes
278 3762 343 3815 „per
368 3752 488 3815 tampue“
510 3746 594 3798 Andr.
622 3744 673 3799 783
698 3748 725 3798 st-
741 3745 808 3799 Hec.
834 3747 898 3810 622;
922 3743 958 3799 cf.
982 3761 1090 3813 quoque
1110 3744 1239 3811 Brixiam¹
1253 3744 1282 3797 in

169 3835 236 3887 nota
255 3833 290 3886 ad
306 3831 398 3886 Plauti
415 3833 487 3887 Men.
509 3851 533 3887 v.
555 3832 604 3889 143
622 3831 745 3901 (13911).

240 3919 285 3988 19)
302 3919 385 3971 Andr.
404 3921 456 3974 974
473 3921 501 3974 et
518 3921 584 3975 Hae.
602 3921 661 3974 627.

239 4005 330 4078 20)]1.
361 4005 495 4074 praebent
520 4006 600 4061 iustis
622 4005 705 4060 metri
726 4005 877 4062 rationibus
902 4005 1013 4060 obstans
1035 4003 1146 4060 initium
1172 4020 1281 4059 versus:

169 4093 242 4162 „Oui
257 4094 367 4163 aeque“.
