2910 4642
631 298 844 362 ..12-

267 466 397 550 Sequere
418 467 477 530 doe
498 491 544 531 me
568 468 649 532 iutro
671 469 716 532 ad
733 464 920 555 Glgjeemam,
942 471 1027 533 ratur
1048 475 1132 533 aare
1153 483 1207 533 eat.
1251 484 1293 551 tu,

390 570 486 652 Dave,
510 571 716 636 rotdomum.

267 695 379 738 vereor
409 681 446 737 ut
475 672 586 737 eadem
616 673 770 739 facilitate
799 674 869 739 aliis
893 676 933 738 sit
954 670 1176 760 persuasurus.
1219 675 1295 740 Mea

182 776 312 863 quidem
340 776 498 841 sententia
528 798 640 840 omnes
671 777 874 843 difficultates
895 776 962 842 tolli
985 785 1150 864 poterunt,
1172 777 1199 841 si
1221 787 1295 863 post

183 879 370 945 adverbium
405 879 524 960 ‚‚r'rttue“
559 879 592 942 in
622 880 779 947 Bembino
811 882 964 948 omissum
992 902 1063 945 esse
1090 881 1294 946 statuerimus

182 983 316 1047 verbum
347 983 583 1046 substantivum
614 990 710 1063 „esra
740 983 825 1070 quod
856 985 987 1070 reliquis
1014 981 1105 1047 libris
1133 994 1294 1050 servatum

182 1085 338 1150 habemus
360 1086 444 1149 inter
458 1084 589 1149 voculas
612 1093 729 1165 „aane“
752 1095 783 1151 et
805 1094 887 1169 „tu“;
903 1110 978 1152 nam
992 1087 1045 1152 illo
1060 1088 1130 1174 ipso
1146 1088 1296 1153 Bembini

183 1189 252 1254 loeo
282 1189 473 1276 scripturam
503 1189 582 1253 satis
612 1211 683 1255 esse
714 1200 897 1276 corruptam
920 1189 972 1255 vel
1002 1200 1137 1278 apparet
1163 1213 1204 1256 ex
1226 1191 1295 1256 sola

182 1291 321 1356 litterula
347 1292 378 1354 A
409 1302 485 1356 ante
519 1290 780 1358 GLYCERIUM
807 1293 852 1357 ibi
882 1302 1018 1362 servata.
1070 1293 1167 1358 Hune
1196 1295 1295 1379 igitur

183 1395 217 1458 in
239 1395 368 1460 modum
391 1417 521 1459 versum
544 1416 659 1461 censeo
681 1417 752 1460 esse
774 1397 994 1462 scribendum:

268 1498 399 1583 Sequere
413 1500 471 1564 tao
485 1522 543 1564 me:
559 1500 647 1563 sutae
661 1507 707 1564 est
721 1501 764 1564 ad
779 1499 1009 1586 (elysaeumss)
1021 1525 1113 1566 uuae.
1144 1513 1187 1584 ta,
1198 1500 1296 1583 Dave,

392 1605 450 1667 aba·
467 1603 597 1666 maram.

268 1704 397 1771 Phorm.
420 1707 483 1772 936
506 1705 560 1790 (V,
584 1707 613 1786 8,
634 1704 705 1789 43):

269 1806 353 1874 Mihi
374 1817 445 1874 varo
466 1832 592 1874 amem
614 1806 655 1871 lli
676 1806 809 1892 ced0.⁴2)

268 1911 313 1977 Elt
339 1913 401 1978 hoe
430 1920 463 1977 et
492 1912 618 1978 duobus
640 1909 789 1996 Hecyrae
820 1910 897 1974 loeis
927 1908 974 1994 (in
1003 1931 1052 1975 vv.
1078 1910 1140 1976 726
1164 1921 1196 1977 et
1219 1912 1295 1998 877)

185 2015 432 2080 Fleckeisenum
470 2016 587 2079 iniuria
622 2011 833 2078 offendentem
868 2014 901 2076 in
932 2012 1118 2098 pyrrhichia
1152 2013 1296 2080 adverbii

184 2120 314 2197 ‚,'a'mmo“
336 2141 488 2184 mensura
511 2116 610 2182 verba
631 2114 751 2181 tradita
776 2125 919 2180 mutasse
941 2115 1154 2202 Dziatzkou)
1178 2119 1295 2203 optimo

183 2220 252 2286 iure
284 2221 393 2287 docuit
424 2231 521 2307 atque
542 2221 607 2284 iam
630 2218 795 2283 Bentleius
818 2239 928 2283 verum
950 2218 1046 2299 vidit,
1069 2241 1141 2284 eum
1164 2221 1297 2286 adnotet

183 2324 225 2388 arl
242 2324 327 2389 huno
338 2347 479 2389 versum:
502 2322 635 2405 „Immo
646 2336 732 2387 vero
745 2345 904 2406 nusquam
919 2345 982 2387 rroa
995 2326 1131 2408 premam
1142 2324 1296 2410 eorrr'ps't‘.

183 2427 281 2492 Recte
313 2427 412 2512 igitur
441 2426 595 2492 librorum
631 2426 822 2511 scripturam
851 2426 966 2504 „Immo
999 2431 1071 2491 vero
1104 2448 1230 2490 umorem
1263 2432 1297 2489 tri

183 2531 324 2616 sumu)
365 2530 508 2616 plerique
547 2529 685 2595 editores
722 2537 920 2615 receperunt.
976 2529 1027 2593 De
1066 2528 1178 2593 eadem
1216 2550 1296 2593 voce

185 2635 317 2714 „r’mmo“
350 2632 436 2719 quod
458 2632 631 2697 Muellerus
641 2633 683 2718 ⁴⁵)
707 2632 798 2719 quasi
819 2653 878 2718 pro
898 2632 1074 2697 certissimo
1098 2632 1190 2696 affert
1211 2631 1298 2717 apud

184 2735 323 2800 comicos
344 2744 457 2822 poetas
480 2737 623 2801 ultimam
647 2735 805 2821 syllabam
829 2756 954 2820 semper
975 2734 1119 2820 produci,
1141 2736 1221 2800 satis
1237 2734 1297 2798 erit

182 2840 344 2902 monuisse
366 2839 413 2903 ibi
433 2838 505 2905 illos
525 2840 614 2926 ipsos
636 2837 732 2916 looos,
752 2837 792 2902 de
807 2837 923 2923 quibus
938 2838 990 2902 hie
1006 2861 1109 2903 sermo
1125 2848 1183 2920 est,
1199 2836 1295 2922 plane

183 2962 253 3005 esse
275 2944 421 3008 omissos.
464 2942 590 3006 Eadem
613 2943 646 3005 in
669 2939 782 3005 eadem
802 2962 953 3005 mensura
974 2939 1090 3006 locutio
1108 2941 1192 3006 redit
1208 2940 1294 3028 apud

184 3043 358 3109 Caecilium
391 3046 529 3111 Statium
557 3046 590 3108 in
620 3068 649 3110 v.
680 3046 740 3110 128
770 3044 897 3130 (Riobe
922 3043 1011 3109 Com.
1040 3068 1072 3132 p.
1100 3044 1172 3130 56):

267 3150 366 3212 Immo
387 3155 459 3212 aare
480 3148 554 3212 Isaeo
575 3163 647 3212 uate
668 3150 776 3214 solatus
797 3173 873 3214 eum.

232 3290 234 3296 ,
268 3249 371 3316 Paulo
394 3249 487 3315 aliter
509 3274 560 3315 res
584 3274 618 3316 se
639 3252 737 3317 habet
758 3252 793 3316 in
816 3250 940 3316 duobus
964 3250 1042 3316 locis
1066 3249 1166 3314 hisee:

191 3410 392 3417 a-——u

252 3494 298 3554 41)
315 3509 350 3545 ne
371 3491 492 3546 offendas
514 3491 543 3546 in
561 3492 665 3546 duobus
689 3491 845 3546 accentibus
868 3490 982 3547 voculae
1005 3488 1214 3559 ‚‚Gly'eeristm“;
1233 3507 1295 3546 oon-

184 3581 257 3635 leras
275 3595 375 3648 quaeso
393 3578 421 3632 h.
439 3578 457 3633 f.
475 3597 519 3635 vv.
539 3579 591 3635 806
609 3580 638 3633 et
655 3579 715 3634 859.

251 3669 297 3736 42)
315 3666 358 3720 sio.
378 3665 418 3719 rl.

252 3755 299 3823 43>
317 3752 347 3807 in
375 3752 492 3821 append
523 3751 583 3806 orit.
611 3753 646 3807 ad
670 3753 696 3807 h.
715 3771 756 3820 v.;
779 3754 895 3807 eandem
918 3753 1029 3822 praeter
1051 3750 1117 3804 alios
1141 3754 1297 3822 agnoscunt

183 3857 340 3898 mensuram
359 3839 519 3909 Spengelius
541 3839 570 3893 in
592 3839 693 3895 introd.
716 3840 750 3895 ad
773 3839 891 3894 Andriae
914 3837 977 3893 edit.
996 3856 1023 3907 p.
1042 3837 1141 3907 XXIX,
1160 3837 1250 3893 Christ
1266 3837 1296 3891 in

182 3931 252 3985 Mus.
271 3928 357 3983 Rham
375 3927 427 3982 vol.
446 3926 546 3982 XXIII.
563 3945 590 3998 p.
609 3926 669 3982 568.

251 4017 299 4084 44)
315 4029 460 4085 perperam
476 4015 661 4084 transponunt
679 4013 747 4071 sscP
764 4021 812 4080 „ta
829 4017 964 4067 amarant
