2910 4642
667 241 854 306 „g-

211 420 297 475 tassc
321 412 367 474 sic
389 411 645 494 commendatur,
669 420 705 476 ut
726 413 958 477 nominativum
981 421 1047 493 „to“
1070 415 1159 479 initio
1182 416 1214 477 iu
1237 436 1317 478 mar·

209 515 284 599 gine
306 515 514 602 adscriptum,
535 523 572 578 ut
594 515 665 602 quis
680 517 732 581 ille
748 519 871 602 „prr'‹rr“
887 525 971 582 esset
988 516 1193 598 indicaretur,
1207 526 1320 603 postea

210 617 244 683 in
267 627 451 684 contextum
473 617 644 684 verborum
667 620 836 707 irrepsisse
858 628 1047 688 statuamus.

294 723 368 788 Huc
400 720 557 786 accedunt
585 723 648 788 duo
678 722 756 804 leci,
786 722 842 789 ubi
867 725 1090 811 pronominum
1117 721 1319 806 inversioob

210 848 283 891 eam
313 849 444 892 causam
475 824 554 890 nihil
583 825 718 913 praebet
747 827 945 906 offensionis,
968 829 1055 913 qued
1077 826 1225 893 binorum
1248 848 1317 912 pro·

213 930 380 994 nominum
403 930 527 1014 singule
549 951 621 994 cum
644 929 780 994 diversis
803 932 1027 1015 coniungenda
1049 939 1124 996 sunt
1145 930 1265 994 verbis:

297 1034 330 1118 1)
353 1033 453 1099 Andr.
476 1032 634 1117 510(111,
657 1036 686 1114 2,
708 1033 779 1120 30):

295 1137 433 1202 Prdrsas
449 1150 541 1200 ame
557 1139 731 1222 opionionem
745 1135 825 1202 huuc
839 1150 924 1202 tuom
939 1144 1005 1203 desc
1018 1153 1084 1218 ego
1099 1141 1230 1202 omotdm
1245 1138 1320 1202 ocio.

295 1243 328 1326 2)
350 1241 429 1306 Hec.
454 1241 515 1305 786
537 1239 590 1324 (V,
611 1241 641 1318 2,
663 1240 731 1324 20):

302 1347 424 1424 Quaeso
459 1343 579 1428 edepol,
600 1343 753 1425 Bacchas,
780 1344 863 1428 qaod
885 1342 974 1408 mihi
1001 1369 1032 1409 es
1056 1344 1215 1429 pollicitus
1243 1345 1321 1411 tute

418 1459 453 1510 ut
471 1450 582 1511 serves.

296 1551 367 1614 lam
396 1550 437 1614 de
458 1551 571 1635 paucis
592 1549 740 1613 versibus
762 1548 934 1629 disseram,
958 1548 1014 1614 ubi
1036 1548 1181 1615 binorum
1204 1571 1320 1636 prono-

212 1655 345 1731 minum,
371 1653 431 1717 etsi
453 1653 541 1718 libris
564 1652 742 1733 tradantur,
765 1651 899 1716 alterum
922 1654 1028 1717 minus
1051 1661 1144 1717 caute
1168 1654 1324 1717 emittitur

213 1780 234 1822 a
263 1757 424 1843 plerisque
455 1756 647 1835 editoribus,
679 1778 754 1821 nam
777 1756 963 1821 Terentium
990 1756 1124 1820 alterum
1146 1776 1322 1842 pronomen

213 1871 281 1925 tum
303 1880 445 1945 quoque,
468 1880 540 1923 eum
563 1861 639 1945 poni
662 1881 742 1946 opus
764 1883 828 1924 nen
852 1869 908 1940 est,
930 1861 1076 1946 posuisse
1096 1862 1202 1946 potius
1225 1880 1321 1943 quam

214 1965 361 2028 omisisse
385 1985 426 2026 ex
448 1963 526 2048 ipsis
550 1985 647 2048 supra
670 1965 864 2028 enumeratis
888 1962 1041 2048 exemplis
1063 1963 1265 2047 intellegitur.

228 2093 231 2099 ’
300 2067 364 2132 Sed
388 2087 500 2130 versus
522 2066 610 2153 ipsos
631 2065 814 2130 videamus:

301 2169 402 2236 Andr.
426 2171 490 2233 509
512 2168 586 2253 (ΠΙ,
609 2172 639 2247 2,
661 2169 729 2256 29):

302 2273 355 2342 Ne.
374 2285 407 2336 tro
428 2272 493 2355 hdo,
510 2272 668 2358 posterius
682 2273 771 2337 deas
785 2274 875 2336 Davi
884 2271 1006 2352 toccum
1023 2272 1150 2338 conscire
1165 2276 1222 2336 orit
1236 2273 1325 2337 dolo.

303 2374 357 2438 Sic
379 2374 454 2439 inde
477 2398 497 2438 a
512 2375 657 2440 Bentleio
682 2375 750 2440 edd.
773 2374 930 2461 praebent
951 2397 1089 2454 versum,
1111 2376 1144 2438 in
1166 2375 1197 2442 ll.
1222 2386 1327 2439 autem

215 2476 297 2542 haee
319 2487 464 2543 exstant:
487 2480 554 2558 „Ne
575 2482 614 2543 tu
635 2480 690 2543 icoc
712 2478 760 2542 mi
783 2504 805 2546 e.
827 2504 856 2565 q.
880 2484 927 2547 s.“
949 2479 1073 2560 BCEP,
1090 2481 1155 2558 „Ne
1176 2478 1216 2543 tu
1238 2476 1325 2543 mihi

214 2582 269 2646 hoc
290 2605 314 2647 e.
338 2605 365 2665 q.
387 2586 421 2646 s“
442 2580 515 2646 DG.

302 2683 417 2768 Itaque
451 2685 537 2770 quod
566 2707 677 2749 versus
714 2684 804 2749 libris
834 2685 971 2748 traditus
1002 2705 1064 2748 uno
1094 2684 1174 2769 pede
1206 2685 1330 2768 longior

217 2797 287 2852 erat
309 2789 391 2852 iusto
415 2797 447 2850 et
468 2809 644 2873 pronomen
667 2788 780 2866 „mian
803 2796 912 2874 utpote
927 2787 1040 2850 incerti
1054 2786 1139 2866 laris,
1156 2795 1191 2849 ut
1205 2787 1328 2851 Bentlei

221 2900 294 2954 utar
316 2890 431 2968 verbis,
453 2911 566 2954 ansam
589 2889 719 2954 tollendi
733 2889 889 2976 praebuit,
911 2888 998 2954 iilum
1016 2911 1108 2975 quern
1125 2890 1329 2976 supraposui

217 2994 357 3057 restituit
391 2993 591 3057 octonarium
626 2994 808 3058 iambicum.
861 2993 925 3059 Sed
951 3015 1054 3080 nuper
1085 2994 1330 3079 conractiusffl)

216 3107 303 3160 reete
333 3097 456 3159 monuit
483 3095 603 3159 nullam
632 3097 768 3161 inveniri
790 3119 885 3184 posse
910 3119 1059 3176 causam,
1080 3119 1137 3162 cur
1160 3096 1328 3161 Terentius

218 3201 251 3263 in
276 3207 427 3285 sequente
449 3221 553 3277 versu,
577 3200 694 3285 quippe
717 3202 771 3286 qui
793 3201 937 3287 proxime
959 3201 1131 3265 cohaereat
1153 3222 1225 3264 cum
1241 3210 1328 3263 ante·

218 3300 416 3381 cedentibus,
439 3311 573 3366 metrum
597 3304 777 3380 mutaverit,
799 3326 903 3389 neque
922 3303 1031 3369 dubito
1048 3304 1078 3367 ei
1095 3304 1242 3368 assentiri
1259 3326 1329 3367 sua·

219 3405 307 3469 denti
342 3407 540 3490 septenarios
573 3405 644 3470 illes
678 3407 874 3490 trocheium,
908 3429 988 3494 quos
1023 3406 1122 3472 habes
1156 3428 1256 3492 usque
1287 3407 1328 3470 ad

218 3531 347 3573 versum
373 3508 488 3574 52311.
512 3510 550 3592 f,
580 3511 644 3572 iam
666 3509 741 3573 inde
764 3531 785 3573 a
804 3533 901 3574 versu
923 3512 985 3576 507
1009 3532 1079 3576 esse
1102 3509 1328 3589 dimetiendos,

218 3611 391 3695 genuinam
417 3613 516 3695 igitur
542 3613 638 3678 huius
664 3636 776 3678 versus
807 3614 943 3679 formam
973 3613 1057 3676 hanc
1084 3613 1183 3677 fuisse
1205 3624 1329 3678 censet:

303 3717 356 3779 Νέ
375 3718 414 3779 tu
437 3714 486 3778 mi
508 3716 563 3780 hoc
578 3719 755 3802 posternas:
777 3718 863 3782 Daoi
879 3717 1002 3802 frictum
1023 3717 1151 3781 consilio
1172 3723 1229 3781 orit
1248 3718 1316 3782 dol·

218 3816 319 3904 probo
339 3817 423 3880 enim
444 3818 566 3904 quodv.
582 3818 612 3886 d.
629 3819 658 3885 lt.
675 3818 739 3884 De
755 3823 977 3885 auctoritatem
993 3820 1143 3907 praetulit
1157 3820 1187 3885 Η.
1201 3819 1327 3888 BOEP.
1356 3867 1358 3871 -

218 3958 424 3966 ------—.-

287 4022 333 4092 27)
353 4022 370 4076 1.
388 4022 404 4075 1.
423 4041 449 4092 p.
468 4023 501 4079 re
519 4041 557 4093 sq.
