2910 4642
624 275 834 340 ..23-

262 450 335 513 Noa
348 449 426 513 elsim
442 471 488 512 mc
502 460 623 512 estesse
633 449 693 512 rios
699 461 883 532 suspectum,
896 453 989 532 puoto
1001 450 1052 528 mi,
1067 455 1194 514 carmem
1206 462 1289 513 tuam

262 551 395 636 Propter
415 574 499 614 meos
520 573 619 614 mores
639 551 712 615 latae
734 552 846 619 ababuc.

262 654 305 719 Et
334 654 478 740 profecto
509 655 726 720 accusativum
758 661 839 735 „me“
868 654 973 720 locum
1001 655 1056 719 vix
1086 653 1204 720 habere
1227 676 1291 719 non

178 757 327 842 negabis,
351 758 378 820 si
401 778 451 838 ea,
474 778 556 842 quae
579 766 762 843 sequuntur,
785 759 946 845 respicies.
990 757 1063 822 Hoc
1083 757 1168 821 idem
1192 759 1292 823 sensit

175 861 337 927 Fleckeis.
361 869 394 924 et
415 867 588 945 praeeunte
603 861 760 942 Bentleio,
780 864 827 927 ita
850 870 958 926 autem
976 870 1013 925 ut
1027 859 1116 927 libris
1137 862 1289 926 traditam

123 970 127 975 '
174 965 358 1042 verborum
377 961 616 1028 collocationem
639 973 801 1045 servaret,
832 967 877 1029 sie
900 987 958 1030 suo
980 964 1062 1044 iure,
1085 974 1121 1029 ut
1143 965 1290 1051 equidem

174 1090 299 1147 censeo,
323 1067 461 1152 scripsit:

260 1172 336 1236 Noa
357 1172 435 1236 elam
457 1193 505 1232 me
524 1181 579 1249 est,
598 1180 691 1254 paule
711 1173 763 1250 mi,
788 1168 849 1233 tibi
865 1193 930 1235 esse
951 1175 1139 1256 dispectum,
1161 1175 1289 1237 uxorem

382 1287 468 1338 tuam

259 1377 393 1462 Propter
414 1398 497 1440 meos
518 1397 616 1439 morer
639 1374 710 1438 lutoso
732 1372 843 1442 wiese.

258 1480 320 1544 His
348 1479 427 1545 locis
457 1478 658 1565 perlustratis
688 1498 883 1563 quamquam
914 1477 1019 1562 legem
1043 1478 1083 1542 de
1104 1479 1288 1546 collocando

172 1585 369 1677 accusativo,
392 1583 447 1668 qui
470 1588 631 1646 structura
652 1581 856 1665 coniungitur
871 1603 943 1645 cum
960 1583 1073 1646 ceteris
1088 1582 1216 1648 casibus
1232 1584 1287 1649 ob·

174 1687 289 1772 liquis,
313 1710 332 1752 a
355 1685 506 1750 Terentio
534 1682 621 1748 haud
644 1706 717 1748 raro
740 1682 854 1747 violari
876 1686 1094 1771 unusquisque
1115 1684 1288 1770 intelleget,

173 1798 281 1855 tamen
308 1811 342 1852 re
365 1811 443 1854 vera
465 1786 551 1853 illam
574 1786 736 1851 exstitisse
758 1788 854 1850 etiam
875 1787 1070 1874 reliquorum
1093 1790 1285 1854 comicorum

172 1894 360 1978 fragmentis
382 1891 558 1958 luculenter
586 1888 789 1977 comprobari
811 1899 897 1974 puto.
948 1891 1001 1954 Ex
1023 1891 1085 1955 illis
1107 1893 1191 1956 enim
1214 1915 1286 1956 eum
1353 1902 1354 1905 ’

171 1997 242 2083 plus
265 1997 376 2061 decem
398 1994 461 2060 loci
483 2015 613 2059 normae
634 1992 709 2057 huic
724 1992 957 2058 satisfacientes
973 1993 1051 2058 mihi
1066 2005 1196 2080 praesto
1213 1997 1285 2079 sint,

170 2110 236 2166 tres
251 2109 376 2165 tantum
390 2098 546 2181 indagavi
567 2097 594 2161 ei
616 2096 882 2178 contradicentes,
904 2118 985 2183 quos
1006 2097 1058 2162 hic
1080 2098 1195 2164 habes:

256 2203 398 2268 Naevius
420 2224 451 2269 v.
474 2202 495 2266 5
517 2198 640 2287 (tibba
662 2199 751 2266 Com.
773 2222 804 2285 p.
828 2200 879 2284 dl:

256 2300 333 2392 'Ape
353 2329 391 2370 ao
411 2304 480 2370 bibi
501 2301 632 2389 11161184)
655 2305 824 2369 ddvcrsora'
842 2303 932 2368 dieas
952 2304 1033 2369 boue
1055 2311 1152 2370 uuam
1174 2307 1263 2372 dam.

258 2408 417 2474 Caecilius
441 2407 564 2472 Statius
586 2431 614 2470 v.
638 2407 679 2471 23
701 2404 767 2492 (ll.
789 2429 820 2492 p.
843 2406 913 2493 39):

257 2513 399 2578 Advenis
420 2535 457 2576 ae
477 2510 545 2575 titi
567 2525 623 2574 me
646 2515 711 2574 esse
732 2509 769 2574 ob
789 2534 857 2573 eum
878 2534 942 2575 rem
963 2512 1127 2576 obumbra

255 2614 418 2702 Turpilius
440 2637 469 2679 v.
494 2616 534 2680 18
557 2614 588 2698 (l.
611 2611 629 2677 l.
653 2636 683 2699 p.
707 2612 777 2698 87):

253 2721 359 2785 Pudet
376 2720 519 2804 pa‘petque
540 2715 611 2782 mci
632 2731 689 2781 mc
713 2766 718 2781 .
743 2767 749 2780 .
773 2767 779 2780 .

254 2822 293 2887 In
316 2822 432 2887 Naevii
454 2841 550 2886 versu
571 2819 732 2908 particula
753 2818 945 2885 exhortandi
956 2819 997 2904 85)
1020 2825 1109 2905 „apd
1132 2820 1280 2884 effectum

171 2947 240 2991 esse
270 2935 421 3012 apparet,
452 2932 489 2987 ut
517 2923 606 3004 „aba
634 2930 806 3009 poneretur
836 2933 912 2988 ante
941 2923 1160 2994 acciscativum
1190 2930 1280 3005 „me“,

169 3050 271 3114 neque
293 3028 475 3094 Guilielmio
504 3027 664 3092 assentior
690 3025 794 3091 lenem
821 3048 878 3112 per
906 3046 940 3089 se
970 3025 1184 3090 inversionem
1206 3042 1280 3106 „mc

166 3131 251 3196 titr‘
280 3130 441 3218 probanti.
496 3130 623 3194 Deinde
650 3131 684 3194 in
715 3129 848 3195 Caecilii
875 3128 971 3194 Statii
997 3150 1093 3193 versu
1121 3129 1184 3193 nisi
1209 3131 1280 3215 quis

168 3244 259 3320 putet
291 3233 425 3300 consilio
459 3235 505 3298 sic
541 3236 732 3318 pronomina
763 3256 783 3297 a
814 3240 912 3319 poeta
938 3231 1094 3297 collocata
1125 3254 1212 3310 esse,
1246 3241 1281 3296 ut

167 3336 340 3404 chiasticus
371 3340 494 3404 oriatur
523 3336 600 3402 ordo
632 3339 677 3402 eis
704 3334 962 3424 pronominibus,
992 3356 1075 3421 quae
1097 3336 1131 3398 in
1154 3343 1278 3400 antece-

168 3440 263 3505 dente
286 3464 381 3507 versu
403 3442 553 3526 leguntur
575 3464 782 3525 ,paomqaam
801 3453 867 3518 ogo
889 3439 1023 3503 mercede
1037 3438 1097 3502 huc
1110 3439 1280 3503 conductus

166 3543 245 3607 lua“
267 3568 332 3610 non
352 3545 447 3611 video
470 3544 547 3630 quid
570 3542 686 3621 obstat,
708 3543 785 3628 quin
807 3550 1069 3627 transponamus:

253 3649 403 3728 Advdaio,
423 3673 462 3712 ae
484 3664 541 3713 mu
563 3645 629 3711 tibi
652 3653 716 3711 &sae
732 3647 770 3711 ob
792 3669 859 3709 eom
880 3670 944 3710 rem
965 3645 1140 3710 chaoniam.

165 3806 374 3814 ———-

235 3903 283 3974 84)
303 3904 369 3973 „tibi
386 3905 463 3956 med‘
478 3903 557 3958 Ribb.
576 3905 712 3958 suadente
724 3903 858 3973 Bergkio:
877 3903 942 3969 „tibi
957 3907 1014 3956 mc“
1032 3903 1072 3971 lt,
1084 3903 1152 3956 alias
1164 3902 1279 3957 aliorum

167 3990 338 4045 coniecturas
356 4008 382 4044 v.
400 4005 443 4058 ap.
463 3988 541 4044 ttibb.
560 3990 578 4046 Ι.
597 3992 614 4045 l.

236 4078 285 4148 85)
303 4077 336 4132 cf.
358 4076 513 4130 Mahlerum
530 4076 547 4129 l.
565 4077 583 4131 l.
601 4097 628 4149 p.
646 4079 681 4134 54
697 4094 756 4147 sqq.
