2910 4642
613 274 821 339 -44..

167 442 310 509 diversas
342 444 383 510 ob
413 466 529 509 causas
561 446 714 509 usitatum
744 445 857 511 horum
886 450 1109 534 pronominum
1131 449 1276 512 ordinem

165 544 338 611 violavisse
361 545 447 611 haud
470 548 597 614 difficile
619 559 669 614 est
690 550 863 614 intellectu:

251 651 285 735 a)
307 649 454 715 binorum
484 654 707 737 pronominum
737 653 872 717 alterum
903 652 944 716 ad
975 653 1109 719 alterum
1137 654 1278 740 pertinet

164 753 312 818 verbum:

253 857 285 938 1)
306 855 404 920 Haut.
429 859 492 922 389
515 859 572 942 (ΙΙ,
594 859 625 941 4,
648 861 697 945 9):

257 956 380 1043 Quippe
399 961 506 1042 formu
527 963 656 1047 impulsi
676 961 886 1027 0081101108
908 970 1064 1027 amotores
1085 965 1196 1028 colent.

252 1063 286 1145 2)
308 1062 351 1128 ib.
374 1064 438 1127 940
460 1063 512 1149 (V,
538 1071 564 1146 l,
589 1067 660 1152 67);

254 1165 327 1229 Deo
349 1167 460 1231 lukarn
483 1167 550 1248 [110
572 1193 604 1233 re
625 1170 749 1233 nostru
771 1183 838 1247 ogo
859 1173 926 1232 esse
948 1169 1177 1235 dementantis.

252 1269 286 1350 3)
309 1268 388 1335 Heu.
410 1271 472 1336 ‘239
496 1270 550 1355 (II,
574 1271 693 1354 1,42):

253 1367 347 1434 Turis
373 1395 438 1437 esse
466 1388 532 1450 ogo
561 1373 611 1439 illi
635 1378 734 1438 mores
763 1376 900 1438 morbum
932 1377 1033 1458 mdpie
1060 1398 1155 1460 quam
1181 1374 1279 1438 ullum

376 1475 471 1539 uliam
493 1500 556 1539 rem
580 1477 724 1542 arbitror.

254 1574 384 1661 Optimo
400 1579 499 1663 igitur
513 1580 581 1643 iure
597 1579 666 1646 edd.
682 1581 913 1644 nominativum
926 1586 1021 1664 „e90“,
1033 1602 1226 1665 quamquam
1240 1602 1280 1643 eo

169 1679 286 1741 omisso
317 1701 419 1765 neque
450 1703 562 1747 sensus
584 1692 719 1748 metrum
742 1682 954 1769 periclitatur,
976 1706 1047 1747 oum
1073 1683 1279 1768 Bembino¹⁴)

170 1791 202 1844 et
224 1781 353 1847 Donato
376 1795 576 1872 aeceperunt.

256 1885 288 1971 4)
313 1886 355 1955 11).
378 1890 441 1954 538
465 1910 511 1974 sq.
534 1888 604 1974 (IV,
629 1890 657 1969 l,
678 1889 719 1953 23
743 1887 815 1973 sq.):

254 1992 339 2053 Nu'rn
361 1993 496 2076 uepuboe
518 1996 648 2076 scalptum
666 2015 758 2075 posse
777 1987 883 2073 filiam
906 1990 1004 2054 luam
1026 1987 1062 2055 10
1080 1991 1159 2075 pali.

260 2095 335 2156 06166
357 2119 389 2158 66
412 2095 467 2178 qui
486 2099 671 2158 meretricem
693 2108 818 2161 amaret.

256 2195 292 2279 b)
316 2197 428 2281 logicis
458 2196 638 2261 rationibus
662 2195 832 2259 Terentius
863 2196 990 2260 videtur
1016 2194 1174 2260 adductus
1203 2218 1284 2275 esse,

170 2309 206 2360 ut
228 2299 412 2382 neglegeret
435 2298 618 2364 sollemnem
641 2298 896 2364 collocationem:

259 2400 289 2486 1)
312 2403 413 2466 Andr.
436 2403 498 2466 609
521 2400 594 2486 (111,
616 2405 646 2483 5,
669 2402 718 2488 3):

256 2505 371 2569 Servon
390 2505 538 2588 fortunate
559 2509 712 2592 11100815)
736 2521 791 2570 mu
814 2506 1003 2570 commorasse
1022 2503 1144 2585 fertili!

256 2609 290 2691 2)
313 2607 412 2672 Haut.
435 2607 573 2692 31501,
595 2610 624 2688 3,
648 2608 717 2694 l4):

260 2711 325 2775 Ηόο
339 2714 426 2777 vide:
440 2711 477 2775 ln
493 2726 572 2774 mou
586 2716 650 2776 otta
665 2712 704 2775 tu
721 2711 777 2775 ribi
791 2712 914 2776 laudem
929 2713 958 2774 is
973 2709 1152 2793 quaesitam,
1163 2705 1285 2770 scelus?

256 2813 352 2878 Hune
374 2837 501 2878 versum
524 2812 614 2877 malit
635 2813 772 2878 fortasse
795 2814 954 2900 quispiam
977 2812 1040 2875 illis
1057 2811 1184 2888 addere,
1201 2831 1283 2895 quos

173 2916 231 2979 sub
255 2917 287 3000 a)
310 2917 404 2982 modo
428 2917 528 2996 attuli,
552 2917 606 2980 sed
631 2916 810 2981 simillimus
833 2927 881 2980 est
903 2915 977 2980 huic
1000 2915 1069 2979 looo

257 3020 289 3103 3)
312 3019 374 3086 Ad.
397 3022 459 3085 398
482 3019 702 3106 (111‚3,44):

266 3123 464 3208 Vipilrintianr
487 3123 584 3188 tuam
606 3121 646 3186 ili
667 3122 745 3185 milri
765 3121 901 3184 nomas?

173 3246 307 3309 quorum
331 3227 464 3290 alterum
486 3225 585 3290 altero
610 3227 687 3288 satis
711 3222 840 3287 defendi
861 3221 976 3301 iudico,
998 3221 1044 3284 ita
1066 3231 1102 3284 ut
1123 3241 1226 3305 neque
1249 3222 1284 3284 in

175 3329 273 3392 altero
295 3352 399 3415 neque
420 3331 453 3392 in
476 3339 611 3416 utroque
633 3329 823 3414 pronomina
845 3334 1054 3411 transponere
1077 3325 1188 3390 ausim.

258 3432 293 3518 4)
316 3430 412 3498 Haut.
438 3433 519 3497 1034
540 3433 592 3516 (V,
615 3433 645 3514 4,
670 3432 738 3517 11):

381 3537 468 3600 erede
490 3549 518 3600 et
537 3534 702 3600 nostrum
723 3532 760 3597 iu
782 3557 846 3598 esse
868 3532 994 3597 medalu.

257 3636 291 3721 5)
313 3636 355 3703 ib.
381 3638 461 3702 1037
485 3637 538 3722 (V,
559 3641 589 3718 4,
612 3635 683 3721 14):

244 3827 287 3891 14)
305 3831 385 3893 ,,696“
403 3823 523 3879 deestis
543 3823 663 3878 BOEFP.

243 3915 287 3980 15)
304 3913 376 3967 siout
395 3914 446 3966 hoo
461 3912 491 3964 in
508 3927 590 3965 versu
608 3911 715 3981 saepius
727 3907 894 3979 pronominis
906 3905 1048 3974 possessivi
1059 3922 1137 3960 casus
1149 3905 1284 3974 obliquus,

173 4001 221 4073 qui
238 4000 385 4070 praecedit,
403 3999 433 4054 in
450 3998 505 4052 arsi
522 3998 646 4067 ponitur:
664 3998 699 4051 of.
718 3996 803 4051 Haut.
824 3993 892 4050 1034
911 3993 989 4058 1037;
1009 3992 1116 4048 Phorm.
1135 3992 1186 4046 849
1192 4013 1200 4056 ;
1218 3992 1284 4047 Heo.

175 4094 226 4163 302
249 4090 312 4154 675;
331 4089 416 4144 Haut.
436 4088 487 4146 315
506 4089 546 4161 (iu
565 4087 648 4156 meu);
667 4084 726 4139 Ad..
743 4085 793 4145 607
813 4081 940 4156 (Propter
957 4081 1056 4153 suum).
1126 4162 1128 4173 Ι
